wallet,timestamp,time_utc,side,outcome,price,size,market
wallet_1,1773957495.0,2026-03-19 21:58:15,BUY,Up,0.9,1.32,"Bitcoin Up or Down - March 19, 5:55PM-6:00PM ET"
wallet_1,1773957503.0,2026-03-19 21:58:23,BUY,Up,0.95,69.96052,"Bitcoin Up or Down - March 19, 5:55PM-6:00PM ET"
wallet_1,1773957511.0,2026-03-19 21:58:31,BUY,Down,0.03,70.0,"Bitcoin Up or Down - March 19, 5:55PM-6:00PM ET"
wallet_1,1773957565.0,2026-03-19 21:59:25,BUY,Up,0.94,29.0,"Bitcoin Up or Down - March 19, 5:55PM-6:00PM ET"
wallet_1,1773957565.0,2026-03-19 21:59:25,BUY,Up,0.94,41.0,"Bitcoin Up or Down - March 19, 5:55PM-6:00PM ET"
wallet_1,1773957565.0,2026-03-19 21:59:25,BUY,Up,0.94,70.0,"Bitcoin Up or Down - March 19, 5:55PM-6:00PM ET"
wallet_1,1773957575.0,2026-03-19 21:59:35,BUY,Up,0.96,70.0,"Bitcoin Up or Down - March 19, 5:55PM-6:00PM ET"
wallet_1,1773957579.0,2026-03-19 21:59:39,BUY,Up,0.97,69.98519,"Bitcoin Up or Down - March 19, 5:55PM-6:00PM ET"
wallet_1,1773957583.0,2026-03-19 21:59:43,BUY,Up,0.83,24.0,"Bitcoin Up or Down - March 19, 5:55PM-6:00PM ET"
wallet_1,1773957583.0,2026-03-19 21:59:43,BUY,Up,0.83,2.16,"Bitcoin Up or Down - March 19, 5:55PM-6:00PM ET"
wallet_1,1773957583.0,2026-03-19 21:59:43,BUY,Up,0.83,5.85,"Bitcoin Up or Down - March 19, 5:55PM-6:00PM ET"
wallet_1,1773957583.0,2026-03-19 21:59:43,BUY,Up,0.83,70.0,"Bitcoin Up or Down - March 19, 5:55PM-6:00PM ET"
wallet_1,1773957583.0,2026-03-19 21:59:43,BUY,Up,0.84,52.08,"Bitcoin Up or Down - March 19, 5:55PM-6:00PM ET"
wallet_1,1773957583.0,2026-03-19 21:59:43,BUY,Up,0.82,69.61875,"Bitcoin Up or Down - March 19, 5:55PM-6:00PM ET"
wallet_1,1773957585.0,2026-03-19 21:59:45,BUY,Up,0.8100001174545797,5.789472,"Bitcoin Up or Down - March 19, 5:55PM-6:00PM ET"
wallet_1,1773957585.0,2026-03-19 21:59:45,BUY,Down,0.16,46.79,"Bitcoin Up or Down - March 19, 5:55PM-6:00PM ET"
wallet_1,1773957585.0,2026-03-19 21:59:45,BUY,Down,0.18,69.61875,"Bitcoin Up or Down - March 19, 5:55PM-6:00PM ET"
wallet_1,1773957585.0,2026-03-19 21:59:45,BUY,Down,0.16,23.21,"Bitcoin Up or Down - March 19, 5:55PM-6:00PM ET"
wallet_1,1773957585.0,2026-03-19 21:59:45,BUY,Down,0.17000006495478334,2.463252,"Bitcoin Up or Down - March 19, 5:55PM-6:00PM ET"
wallet_1,1773957585.0,2026-03-19 21:59:45,BUY,Down,0.17,0.4,"Bitcoin Up or Down - March 19, 5:55PM-6:00PM ET"
wallet_1,1773957585.0,2026-03-19 21:59:45,BUY,Down,0.17000012071483878,1.159758,"Bitcoin Up or Down - March 19, 5:55PM-6:00PM ET"
wallet_1,1773957587.0,2026-03-19 21:59:47,BUY,Down,0.25,1.533332,"Bitcoin Up or Down - March 19, 5:55PM-6:00PM ET"
wallet_1,1773957587.0,2026-03-19 21:59:47,BUY,Up,0.8,11.9232,"Bitcoin Up or Down - March 19, 5:55PM-6:00PM ET"
wallet_1,1773957589.0,2026-03-19 21:59:49,BUY,Down,0.25,4.32,"Bitcoin Up or Down - March 19, 5:55PM-6:00PM ET"
wallet_1,1773957589.0,2026-03-19 21:59:49,BUY,Up,0.64,5.29,"Bitcoin Up or Down - March 19, 5:55PM-6:00PM ET"
wallet_1,1773957589.0,2026-03-19 21:59:49,BUY,Down,0.28,20.0,"Bitcoin Up or Down - March 19, 5:55PM-6:00PM ET"
wallet_1,1773957589.0,2026-03-19 21:59:49,BUY,Down,0.26000000103412135,58.020269,"Bitcoin Up or Down - March 19, 5:55PM-6:00PM ET"
wallet_1,1773957589.0,2026-03-19 21:59:49,BUY,Up,0.74,14.42526,"Bitcoin Up or Down - March 19, 5:55PM-6:00PM ET"
wallet_1,1773957589.0,2026-03-19 21:59:49,BUY,Up,0.61,69.00957,"Bitcoin Up or Down - March 19, 5:55PM-6:00PM ET"
wallet_1,1773957589.0,2026-03-19 21:59:49,BUY,Down,0.28,5.0,"Bitcoin Up or Down - March 19, 5:55PM-6:00PM ET"
wallet_1,1773957589.0,2026-03-19 21:59:49,BUY,Down,0.2800000113909044,21.069442,"Bitcoin Up or Down - March 19, 5:55PM-6:00PM ET"
wallet_1,1773957589.0,2026-03-19 21:59:49,BUY,Down,0.2800000144810953,13.81111,"Bitcoin Up or Down - March 19, 5:55PM-6:00PM ET"
wallet_1,1773957589.0,2026-03-19 21:59:49,BUY,Up,0.74,69.35219,"Bitcoin Up or Down - March 19, 5:55PM-6:00PM ET"
wallet_1,1773957589.0,2026-03-19 21:59:49,BUY,Down,0.26,11.97,"Bitcoin Up or Down - March 19, 5:55PM-6:00PM ET"
wallet_1,1773957589.0,2026-03-19 21:59:49,BUY,Up,0.64,5.3,"Bitcoin Up or Down - March 19, 5:55PM-6:00PM ET"
wallet_1,1773957591.0,2026-03-19 21:59:51,BUY,Down,0.31,69.99,"Bitcoin Up or Down - March 19, 5:55PM-6:00PM ET"
wallet_1,1773957597.0,2026-03-19 21:59:57,BUY,Down,0.29,30.0,"Bitcoin Up or Down - March 19, 5:55PM-6:00PM ET"
wallet_1,1773957597.0,2026-03-19 21:59:57,BUY,Up,0.72,63.0,"Bitcoin Up or Down - March 19, 5:55PM-6:00PM ET"
wallet_1,1773957597.0,2026-03-19 21:59:57,BUY,Up,0.72,7.0,"Bitcoin Up or Down - March 19, 5:55PM-6:00PM ET"
wallet_1,1773957609.0,2026-03-19 22:00:09,BUY,Down,0.4,36.0,"Bitcoin Up or Down - March 19, 6:00PM-6:05PM ET"
wallet_1,1773957609.0,2026-03-19 22:00:09,BUY,Down,0.4,34.0,"Bitcoin Up or Down - March 19, 6:00PM-6:05PM ET"
wallet_1,1773957609.0,2026-03-19 22:00:09,BUY,Down,0.49,36.44203,"Ethereum Up or Down - March 19, 6:00PM-6:05PM ET"
wallet_1,1773957611.0,2026-03-19 22:00:11,BUY,Down,0.38000003299979707,9.090965,"Bitcoin Up or Down - March 19, 6:00PM-6:05PM ET"
wallet_1,1773957611.0,2026-03-19 22:00:11,BUY,Up,0.63,70.0,"Bitcoin Up or Down - March 19, 6:00PM-6:05PM ET"
wallet_1,1773957611.0,2026-03-19 22:00:11,BUY,Down,0.38,38.9,"Bitcoin Up or Down - March 19, 6:00PM-6:05PM ET"
wallet_1,1773957611.0,2026-03-19 22:00:11,BUY,Down,0.38,22.0,"Bitcoin Up or Down - March 19, 6:00PM-6:05PM ET"
wallet_1,1773957611.0,2026-03-19 22:00:11,BUY,Up,0.62,5.0,"Bitcoin Up or Down - March 19, 6:00PM-6:05PM ET"
wallet_1,1773957611.0,2026-03-19 22:00:11,BUY,Up,0.62,50.0,"Bitcoin Up or Down - March 19, 6:00PM-6:05PM ET"
wallet_1,1773957613.0,2026-03-19 22:00:13,BUY,Up,0.52,49.22125,"Ethereum Up or Down - March 19, 6:00PM-6:05PM ET"
wallet_1,1773957613.0,2026-03-19 22:00:13,BUY,Up,0.51,20.34729,"Ethereum Up or Down - March 19, 6:00PM-6:05PM ET"
wallet_1,1773957613.0,2026-03-19 22:00:13,BUY,Up,0.5,49.21875,"Ethereum Up or Down - March 19, 6:00PM-6:05PM ET"
wallet_1,1773957615.0,2026-03-19 22:00:15,BUY,Down,0.4800001332954182,2.700768,"Ethereum Up or Down - March 19, 6:00PM-6:05PM ET"
wallet_1,1773957619.0,2026-03-19 22:00:19,BUY,Down,0.28,69.28876,"Bitcoin Up or Down - March 19, 6:00PM-6:05PM ET"
wallet_1,1773957619.0,2026-03-19 22:00:19,BUY,Down,0.52,13.91977,"Ethereum Up or Down - March 19, 6:00PM-6:05PM ET"
wallet_1,1773957621.0,2026-03-19 22:00:21,BUY,Down,0.41,2.52256,"Ethereum Up or Down - March 19, 6:00PM-6:05PM ET"
wallet_1,1773957623.0,2026-03-19 22:00:23,BUY,Down,0.51,5.17788,"Ethereum Up or Down - March 19, 6:00PM-6:05PM ET"
wallet_1,1773957625.0,2026-03-19 22:00:25,BUY,Down,0.51,3.8784899999999998,"Ethereum Up or Down - March 19, 6:00PM-6:05PM ET"
wallet_1,1773957627.0,2026-03-19 22:00:27,BUY,Up,0.69,69.19932,"Bitcoin Up or Down - March 19, 6:00PM-6:05PM ET"
wallet_1,1773957627.0,2026-03-19 22:00:27,BUY,Up,0.68,69.17138,"Bitcoin Up or Down - March 19, 6:00PM-6:05PM ET"
wallet_1,1773957631.0,2026-03-19 22:00:31,BUY,Down,0.48,4.92213,"Ethereum Up or Down - March 19, 6:00PM-6:05PM ET"
wallet_1,1773957631.0,2026-03-19 22:00:31,BUY,Down,0.34,4.93706,"Bitcoin Up or Down - March 19, 6:00PM-6:05PM ET"
wallet_1,1773957631.0,2026-03-19 22:00:31,BUY,Down,0.5,10.82813,"Ethereum Up or Down - March 19, 6:00PM-6:05PM ET"
wallet_1,1773957631.0,2026-03-19 22:00:31,BUY,Down,0.31,20.117240000000002,"Bitcoin Up or Down - March 19, 6:00PM-6:05PM ET"
wallet_1,1773957635.0,2026-03-19 22:00:35,BUY,Down,0.36,6.90625,"Bitcoin Up or Down - March 19, 6:00PM-6:05PM ET"
wallet_1,1773957637.0,2026-03-19 22:00:37,BUY,Down,0.38,5.0,"Bitcoin Up or Down - March 19, 6:00PM-6:05PM ET"
wallet_1,1773957637.0,2026-03-19 22:00:37,BUY,Up,0.41,10.789819999999999,"Ethereum Up or Down - March 19, 6:00PM-6:05PM ET"
wallet_1,1773957637.0,2026-03-19 22:00:37,BUY,Up,0.4,0.9856,"Ethereum Up or Down - March 19, 6:00PM-6:05PM ET"
wallet_1,1773957637.0,2026-03-19 22:00:37,BUY,Down,0.3800000368055709,9.781128,"Bitcoin Up or Down - March 19, 6:00PM-6:05PM ET"
wallet_1,1773957637.0,2026-03-19 22:00:37,BUY,Down,0.38000007026670557,4.838707,"Bitcoin Up or Down - March 19, 6:00PM-6:05PM ET"
wallet_1,1773957637.0,2026-03-19 22:00:37,BUY,Down,0.38,5.0,"Bitcoin Up or Down - March 19, 6:00PM-6:05PM ET"
wallet_1,1773957637.0,2026-03-19 22:00:37,BUY,Down,0.38,25.02,"Bitcoin Up or Down - March 19, 6:00PM-6:05PM ET"
wallet_1,1773957641.0,2026-03-19 22:00:41,BUY,Up,0.73,69.32016,"Bitcoin Up or Down - March 19, 6:00PM-6:05PM ET"
wallet_1,1773957641.0,2026-03-19 22:00:41,BUY,Up,0.73,69.32016,"Bitcoin Up or Down - March 19, 6:00PM-6:05PM ET"
wallet_1,1773957649.0,2026-03-19 22:00:49,BUY,Up,0.72,70.0,"Bitcoin Up or Down - March 19, 6:00PM-6:05PM ET"
wallet_1,1773957649.0,2026-03-19 22:00:49,BUY,Up,0.73,70.0,"Bitcoin Up or Down - March 19, 6:00PM-6:05PM ET"
wallet_1,1773957655.0,2026-03-19 22:00:55,BUY,Up,0.62,4.00367,"Ethereum Up or Down - March 19, 6:00PM-6:05PM ET"
wallet_1,1773957661.0,2026-03-19 22:01:01,BUY,Down,0.3,6.92283,"Ethereum Up or Down - March 19, 6:00PM-6:05PM ET"
wallet_1,1773957663.0,2026-03-19 22:01:03,BUY,Down,0.45,40.50998,"Ethereum Up or Down - March 19, 6:00PM-6:05PM ET"
wallet_1,1773957663.0,2026-03-19 22:01:03,BUY,Down,0.38,8.73706,"Ethereum Up or Down - March 19, 6:00PM-6:05PM ET"
wallet_1,1773957663.0,2026-03-19 22:01:03,BUY,Down,0.4,12.615680000000001,"Ethereum Up or Down - March 19, 6:00PM-6:05PM ET"
wallet_1,1773957663.0,2026-03-19 22:01:03,BUY,Down,0.34,5.40114,"Ethereum Up or Down - March 19, 6:00PM-6:05PM ET"
wallet_1,1773957663.0,2026-03-19 22:01:03,BUY,Down,0.32,10.86979,"Ethereum Up or Down - March 19, 6:00PM-6:05PM ET"
wallet_1,1773957665.0,2026-03-19 22:01:05,BUY,Down,0.45,20.41254,"Ethereum Up or Down - March 19, 6:00PM-6:05PM ET"
wallet_1,1773957665.0,2026-03-19 22:01:05,BUY,Down,0.4900000395349113,2.52941,"Ethereum Up or Down - March 19, 6:00PM-6:05PM ET"
wallet_1,1773957665.0,2026-03-19 22:01:05,BUY,Down,0.49000000459183696,32.666665,"Ethereum Up or Down - March 19, 6:00PM-6:05PM ET"
wallet_1,1773957665.0,2026-03-19 22:01:05,BUY,Down,0.4900001923685172,2.235293,"Ethereum Up or Down - March 19, 6:00PM-6:05PM ET"
wallet_1,1773957665.0,2026-03-19 22:01:05,BUY,Down,0.4700000311764917,2.566036,"Ethereum Up or Down - March 19, 6:00PM-6:05PM ET"
wallet_1,1773957665.0,2026-03-19 22:01:05,BUY,Down,0.4700001219000939,1.886791,"Ethereum Up or Down - March 19, 6:00PM-6:05PM ET"
wallet_1,1773957665.0,2026-03-19 22:01:05,BUY,Down,0.47,2.5283,"Ethereum Up or Down - March 19, 6:00PM-6:05PM ET"
wallet_1,1773957665.0,2026-03-19 22:01:05,BUY,Down,0.45,49.2343,"Ethereum Up or Down - March 19, 6:00PM-6:05PM ET"
wallet_1,1773957667.0,2026-03-19 22:01:07,BUY,Down,0.52,17.52277,"Ethereum Up or Down - March 19, 6:00PM-6:05PM ET"
wallet_1,1773957673.0,2026-03-19 22:01:13,BUY,Down,0.51,12.60016,"Ethereum Up or Down - March 19, 6:00PM-6:05PM ET"
wallet_1,1773957693.0,2026-03-19 22:01:33,BUY,Up,0.28000001167618327,17.128885,"Ethereum Up or Down - March 19, 6:00PM-6:05PM ET"
wallet_1,1773957699.0,2026-03-19 22:01:39,BUY,Down,0.5,9.0,"Bitcoin Up or Down - March 19, 6:00PM-6:05PM ET"
wallet_1,1773957699.0,2026-03-19 22:01:39,BUY,Down,0.5,5.0,"Bitcoin Up or Down - March 19, 6:00PM-6:05PM ET"
wallet_1,1773957699.0,2026-03-19 22:01:39,BUY,Down,0.5,5.0,"Bitcoin Up or Down - March 19, 6:00PM-6:05PM ET"
wallet_1,1773957699.0,2026-03-19 22:01:39,BUY,Up,0.52,11.55715,"Bitcoin Up or Down - March 19, 6:00PM-6:05PM ET"
wallet_1,1773957699.0,2026-03-19 22:01:39,BUY,Down,0.5,11.74,"Bitcoin Up or Down - March 19, 6:00PM-6:05PM ET"
wallet_1,1773957701.0,2026-03-19 22:01:41,BUY,Down,0.5,6.86,"Bitcoin Up or Down - March 19, 6:00PM-6:05PM ET"
wallet_1,1773957701.0,2026-03-19 22:01:41,BUY,Down,0.5,32.4,"Bitcoin Up or Down - March 19, 6:00PM-6:05PM ET"
wallet_1,1773957703.0,2026-03-19 22:01:43,BUY,Up,0.4600000097200008,18.518517,"Ethereum Up or Down - March 19, 6:00PM-6:05PM ET"
wallet_1,1773957715.0,2026-03-19 22:01:55,BUY,Down,0.54,68.92021,"Bitcoin Up or Down - March 19, 6:00PM-6:05PM ET"
wallet_1,1773957715.0,2026-03-19 22:01:55,BUY,Down,0.48,11.29,"Bitcoin Up or Down - March 19, 6:00PM-6:05PM ET"
wallet_1,1773957717.0,2026-03-19 22:01:57,BUY,Down,0.53,68.91412,"Bitcoin Up or Down - March 19, 6:00PM-6:05PM ET"
wallet_1,1773957717.0,2026-03-19 22:01:57,BUY,Down,0.52,70.0,"Bitcoin Up or Down - March 19, 6:00PM-6:05PM ET"
wallet_1,1773957717.0,2026-03-19 22:01:57,BUY,Down,0.55,68.92802,"Bitcoin Up or Down - March 19, 6:00PM-6:05PM ET"
wallet_1,1773957723.0,2026-03-19 22:02:03,BUY,Up,0.46,4.92288,"Bitcoin Up or Down - March 19, 6:00PM-6:05PM ET"
wallet_1,1773957723.0,2026-03-19 22:02:03,BUY,Up,0.45,10.60507,"Bitcoin Up or Down - March 19, 6:00PM-6:05PM ET"
wallet_1,1773957723.0,2026-03-19 22:02:03,BUY,Up,0.56,10.45,"Bitcoin Up or Down - March 19, 6:00PM-6:05PM ET"
wallet_1,1773957723.0,2026-03-19 22:02:03,BUY,Up,0.5600001029787541,4.272726,"Bitcoin Up or Down - March 19, 6:00PM-6:05PM ET"
wallet_1,1773957723.0,2026-03-19 22:02:03,BUY,Up,0.4,1.9712,"Ethereum Up or Down - March 19, 6:00PM-6:05PM ET"
wallet_1,1773957725.0,2026-03-19 22:02:05,BUY,Up,0.56,8.0,"Bitcoin Up or Down - March 19, 6:00PM-6:05PM ET"
wallet_1,1773957729.0,2026-03-19 22:02:09,BUY,Up,0.36,50.0,"Ethereum Up or Down - March 19, 6:00PM-6:05PM ET"
wallet_1,1773957731.0,2026-03-19 22:02:11,BUY,Up,0.56,14.77233,"Bitcoin Up or Down - March 19, 6:00PM-6:05PM ET"
wallet_1,1773957731.0,2026-03-19 22:02:11,BUY,Down,0.45,70.0,"Bitcoin Up or Down - March 19, 6:00PM-6:05PM ET"
wallet_1,1773957759.0,2026-03-19 22:02:39,BUY,Down,0.29000005680010904,1.408448,"Bitcoin Up or Down - March 19, 6:00PM-6:05PM ET"
wallet_1,1773957759.0,2026-03-19 22:02:39,BUY,Down,0.2900000037368426,21.408448,"Bitcoin Up or Down - March 19, 6:00PM-6:05PM ET"
wallet_1,1773957759.0,2026-03-19 22:02:39,BUY,Down,0.29,5.5,"Bitcoin Up or Down - March 19, 6:00PM-6:05PM ET"
wallet_1,1773957759.0,2026-03-19 22:02:39,BUY,Up,0.67,69.14451,"Bitcoin Up or Down - March 19, 6:00PM-6:05PM ET"
wallet_1,1773957765.0,2026-03-19 22:02:45,BUY,Down,0.29,12.81,"Bitcoin Up or Down - March 19, 6:00PM-6:05PM ET"
wallet_1,1773957769.0,2026-03-19 22:02:49,BUY,Down,0.4300000259090934,12.350876,"Bitcoin Up or Down - March 19, 6:00PM-6:05PM ET"
wallet_1,1773957771.0,2026-03-19 22:02:51,BUY,Up,0.51,5.0,"Bitcoin Up or Down - March 19, 6:00PM-6:05PM ET"
wallet_1,1773957771.0,2026-03-19 22:02:51,BUY,Up,0.51,7.04,"Bitcoin Up or Down - March 19, 6:00PM-6:05PM ET"
wallet_1,1773957771.0,2026-03-19 22:02:51,BUY,Up,0.51,5.0,"Bitcoin Up or Down - March 19, 6:00PM-6:05PM ET"
wallet_1,1773957771.0,2026-03-19 22:02:51,BUY,Up,0.51,5.0,"Bitcoin Up or Down - March 19, 6:00PM-6:05PM ET"
wallet_1,1773957771.0,2026-03-19 22:02:51,BUY,Up,0.51,5.0,"Bitcoin Up or Down - March 19, 6:00PM-6:05PM ET"
wallet_1,1773957771.0,2026-03-19 22:02:51,BUY,Up,0.51,2.0,"Bitcoin Up or Down - March 19, 6:00PM-6:05PM ET"
wallet_1,1773957771.0,2026-03-19 22:02:51,BUY,Up,0.51,5.96,"Bitcoin Up or Down - March 19, 6:00PM-6:05PM ET"
wallet_1,1773957771.0,2026-03-19 22:02:51,BUY,Up,0.51,5.0,"Bitcoin Up or Down - March 19, 6:00PM-6:05PM ET"
wallet_1,1773957771.0,2026-03-19 22:02:51,BUY,Up,0.51,5.0,"Bitcoin Up or Down - March 19, 6:00PM-6:05PM ET"
wallet_1,1773957771.0,2026-03-19 22:02:51,BUY,Up,0.51,5.0,"Bitcoin Up or Down - March 19, 6:00PM-6:05PM ET"
wallet_1,1773957771.0,2026-03-19 22:02:51,BUY,Up,0.51,5.0,"Bitcoin Up or Down - March 19, 6:00PM-6:05PM ET"
wallet_1,1773957771.0,2026-03-19 22:02:51,BUY,Up,0.51,5.0,"Bitcoin Up or Down - March 19, 6:00PM-6:05PM ET"
wallet_1,1773957771.0,2026-03-19 22:02:51,BUY,Up,0.51,5.0,"Bitcoin Up or Down - March 19, 6:00PM-6:05PM ET"
wallet_1,1773957771.0,2026-03-19 22:02:51,BUY,Up,0.51,5.0,"Bitcoin Up or Down - March 19, 6:00PM-6:05PM ET"
wallet_1,1773957773.0,2026-03-19 22:02:53,BUY,Up,0.53,3.06176,"Bitcoin Up or Down - March 19, 6:00PM-6:05PM ET"
wallet_1,1773957773.0,2026-03-19 22:02:53,BUY,Up,0.5400002392001149,2.173912,"Bitcoin Up or Down - March 19, 6:00PM-6:05PM ET"
wallet_1,1773957777.0,2026-03-19 22:02:57,BUY,Down,0.39,4.92926,"Bitcoin Up or Down - March 19, 6:00PM-6:05PM ET"
wallet_1,1773957779.0,2026-03-19 22:02:59,BUY,Down,0.45,43.86,"Bitcoin Up or Down - March 19, 6:00PM-6:05PM ET"
wallet_1,1773957783.0,2026-03-19 22:03:03,BUY,Down,0.42,0.04,"Bitcoin Up or Down - March 19, 6:00PM-6:05PM ET"
wallet_1,1773957783.0,2026-03-19 22:03:03,BUY,Down,0.42,9.85165,"Bitcoin Up or Down - March 19, 6:00PM-6:05PM ET"
wallet_1,1773957783.0,2026-03-19 22:03:03,BUY,Down,0.41,60.10764,"Bitcoin Up or Down - March 19, 6:00PM-6:05PM ET"
wallet_1,1773957783.0,2026-03-19 22:03:03,BUY,Up,0.56,49.24109,"Ethereum Up or Down - March 19, 6:00PM-6:05PM ET"
wallet_1,1773957785.0,2026-03-19 22:03:05,BUY,Down,0.48,35.0,"Ethereum Up or Down - March 19, 6:00PM-6:05PM ET"
wallet_1,1773957785.0,2026-03-19 22:03:05,BUY,Down,0.42,26.91471,"Bitcoin Up or Down - March 19, 6:00PM-6:05PM ET"
wallet_1,1773957785.0,2026-03-19 22:03:05,BUY,Up,0.51,50.0,"Ethereum Up or Down - March 19, 6:00PM-6:05PM ET"
wallet_1,1773957785.0,2026-03-19 22:03:05,BUY,Up,0.54,5.35,"Ethereum Up or Down - March 19, 6:00PM-6:05PM ET"
wallet_1,1773957785.0,2026-03-19 22:03:05,BUY,Up,0.5,5.3568,"Ethereum Up or Down - March 19, 6:00PM-6:05PM ET"
wallet_1,1773957785.0,2026-03-19 22:03:05,BUY,Up,0.5600000092328912,30.326362,"Bitcoin Up or Down - March 19, 6:00PM-6:05PM ET"
wallet_1,1773957785.0,2026-03-19 22:03:05,BUY,Down,0.47,10.69,"Ethereum Up or Down - March 19, 6:00PM-6:05PM ET"
wallet_1,1773957785.0,2026-03-19 22:03:05,BUY,Down,0.48,2.26,"Ethereum Up or Down - March 19, 6:00PM-6:05PM ET"
wallet_1,1773957785.0,2026-03-19 22:03:05,BUY,Down,0.48,12.74,"Ethereum Up or Down - March 19, 6:00PM-6:05PM ET"
wallet_1,1773957787.0,2026-03-19 22:03:07,BUY,Down,0.46,50.0,"Ethereum Up or Down - March 19, 6:00PM-6:05PM ET"
wallet_1,1773957787.0,2026-03-19 22:03:07,BUY,Down,0.44,28.83559,"Bitcoin Up or Down - March 19, 6:00PM-6:05PM ET"
wallet_1,1773957787.0,2026-03-19 22:03:07,BUY,Up,0.59,70.0,"Bitcoin Up or Down - March 19, 6:00PM-6:05PM ET"
wallet_1,1773957787.0,2026-03-19 22:03:07,BUY,Down,0.43,68.94871,"Bitcoin Up or Down - March 19, 6:00PM-6:05PM ET"
wallet_1,1773957797.0,2026-03-19 22:03:17,BUY,Up,0.49,68.90713,"Bitcoin Up or Down - March 19, 6:00PM-6:05PM ET"
wallet_1,1773957801.0,2026-03-19 22:03:21,BUY,Up,0.25,28.21,"Ethereum Up or Down - March 19, 6:00PM-6:05PM ET"
wallet_1,1773957803.0,2026-03-19 22:03:23,BUY,Up,0.25,13.333332,"Ethereum Up or Down - March 19, 6:00PM-6:05PM ET"
wallet_1,1773957803.0,2026-03-19 22:03:23,BUY,Up,0.25,6.666664,"Ethereum Up or Down - March 19, 6:00PM-6:05PM ET"
wallet_1,1773957805.0,2026-03-19 22:03:25,BUY,Up,0.25,1.78,"Ethereum Up or Down - March 19, 6:00PM-6:05PM ET"
wallet_1,1773957805.0,2026-03-19 22:03:25,BUY,Down,0.58,6.0,"Bitcoin Up or Down - March 19, 6:00PM-6:05PM ET"
wallet_1,1773957807.0,2026-03-19 22:03:27,BUY,Up,0.21,25.0,"Ethereum Up or Down - March 19, 6:00PM-6:05PM ET"
wallet_1,1773957807.0,2026-03-19 22:03:27,BUY,Up,0.16000000336000167,11.904756,"Ethereum Up or Down - March 19, 6:00PM-6:05PM ET"
wallet_1,1773957807.0,2026-03-19 22:03:27,BUY,Up,0.16000000201680695,19.833331,"Ethereum Up or Down - March 19, 6:00PM-6:05PM ET"
wallet_1,1773957807.0,2026-03-19 22:03:27,BUY,Up,0.16,11.9,"Ethereum Up or Down - March 19, 6:00PM-6:05PM ET"
wallet_1,1773957807.0,2026-03-19 22:03:27,BUY,Up,0.16,4.702375,"Ethereum Up or Down - March 19, 6:00PM-6:05PM ET"
wallet_1,1773957807.0,2026-03-19 22:03:27,BUY,Down,0.81,4.9704,"Ethereum Up or Down - March 19, 6:00PM-6:05PM ET"
wallet_1,1773957807.0,2026-03-19 22:03:27,BUY,Down,0.58,6.0,"Bitcoin Up or Down - March 19, 6:00PM-6:05PM ET"
wallet_1,1773957809.0,2026-03-19 22:03:29,BUY,Up,0.18000000645263076,3.099511,"Ethereum Up or Down - March 19, 6:00PM-6:05PM ET"
wallet_1,1773957813.0,2026-03-19 22:03:33,BUY,Up,0.24,5.91,"Bitcoin Up or Down - March 19, 6:00PM-6:05PM ET"
wallet_1,1773957813.0,2026-03-19 22:03:33,BUY,Up,0.24,2.631575,"Bitcoin Up or Down - March 19, 6:00PM-6:05PM ET"
wallet_1,1773957813.0,2026-03-19 22:03:33,BUY,Down,0.87,24.92006,"Ethereum Up or Down - March 19, 6:00PM-6:05PM ET"
wallet_1,1773957815.0,2026-03-19 22:03:35,BUY,Up,0.24,16.0,"Bitcoin Up or Down - March 19, 6:00PM-6:05PM ET"
wallet_1,1773957815.0,2026-03-19 22:03:35,BUY,Up,0.24000001216000344,13.157891,"Bitcoin Up or Down - March 19, 6:00PM-6:05PM ET"
wallet_1,1773957815.0,2026-03-19 22:03:35,BUY,Up,0.24,5.0,"Bitcoin Up or Down - March 19, 6:00PM-6:05PM ET"
wallet_1,1773957815.0,2026-03-19 22:03:35,BUY,Up,0.24,15.55,"Bitcoin Up or Down - March 19, 6:00PM-6:05PM ET"
wallet_1,1773957815.0,2026-03-19 22:03:35,BUY,Up,0.24,11.74,"Bitcoin Up or Down - March 19, 6:00PM-6:05PM ET"
wallet_1,1773957815.0,2026-03-19 22:03:35,BUY,Up,0.25,69.38477,"Bitcoin Up or Down - March 19, 6:00PM-6:05PM ET"
wallet_1,1773957815.0,2026-03-19 22:03:35,BUY,Down,0.88,50.0,"Ethereum Up or Down - March 19, 6:00PM-6:05PM ET"
wallet_1,1773957815.0,2026-03-19 22:03:35,BUY,Up,0.25,69.38477,"Bitcoin Up or Down - March 19, 6:00PM-6:05PM ET"
wallet_1,1773957817.0,2026-03-19 22:03:37,BUY,Up,0.12,15.9554,"Ethereum Up or Down - March 19, 6:00PM-6:05PM ET"
wallet_1,1773957819.0,2026-03-19 22:03:39,BUY,Up,0.19000005310248122,3.201357,"Bitcoin Up or Down - March 19, 6:00PM-6:05PM ET"
wallet_1,1773957819.0,2026-03-19 22:03:39,BUY,Up,0.19,5.0,"Bitcoin Up or Down - March 19, 6:00PM-6:05PM ET"
wallet_1,1773957819.0,2026-03-19 22:03:39,BUY,Up,0.19000002430009647,1.234563,"Bitcoin Up or Down - March 19, 6:00PM-6:05PM ET"
wallet_1,1773957819.0,2026-03-19 22:03:39,BUY,Up,0.19000001504286115,8.641973,"Bitcoin Up or Down - March 19, 6:00PM-6:05PM ET"
wallet_1,1773957819.0,2026-03-19 22:03:39,BUY,Up,0.19000002430009647,1.234563,"Bitcoin Up or Down - March 19, 6:00PM-6:05PM ET"
wallet_1,1773957819.0,2026-03-19 22:03:39,BUY,Up,0.1900000145800012,12.345678,"Bitcoin Up or Down - March 19, 6:00PM-6:05PM ET"
wallet_1,1773957819.0,2026-03-19 22:03:39,BUY,Up,0.19000002592001472,6.172836,"Bitcoin Up or Down - March 19, 6:00PM-6:05PM ET"
wallet_1,1773957819.0,2026-03-19 22:03:39,BUY,Up,0.19,2.0,"Bitcoin Up or Down - March 19, 6:00PM-6:05PM ET"
wallet_1,1773957819.0,2026-03-19 22:03:39,BUY,Up,0.19000000860684862,10.456789,"Bitcoin Up or Down - March 19, 6:00PM-6:05PM ET"
wallet_1,1773957819.0,2026-03-19 22:03:39,BUY,Up,0.19000002430009647,1.234563,"Bitcoin Up or Down - March 19, 6:00PM-6:05PM ET"
wallet_1,1773957821.0,2026-03-19 22:03:41,BUY,Up,0.19000002430009647,1.234563,"Bitcoin Up or Down - March 19, 6:00PM-6:05PM ET"
wallet_1,1773957821.0,2026-03-19 22:03:41,BUY,Up,0.12,49.86061,"Ethereum Up or Down - March 19, 6:00PM-6:05PM ET"
wallet_1,1773957821.0,2026-03-19 22:03:41,BUY,Down,0.82,23.96,"Ethereum Up or Down - March 19, 6:00PM-6:05PM ET"
wallet_1,1773957821.0,2026-03-19 22:03:41,BUY,Up,0.11,13.96646,"Ethereum Up or Down - March 19, 6:00PM-6:05PM ET"
wallet_1,1773957821.0,2026-03-19 22:03:41,BUY,Up,0.1,2.04,"Ethereum Up or Down - March 19, 6:00PM-6:05PM ET"
wallet_1,1773957823.0,2026-03-19 22:03:43,BUY,Up,0.13,50.0,"Ethereum Up or Down - March 19, 6:00PM-6:05PM ET"
wallet_1,1773957823.0,2026-03-19 22:03:43,BUY,Up,0.15,50.0,"Ethereum Up or Down - March 19, 6:00PM-6:05PM ET"
wallet_1,1773957823.0,2026-03-19 22:03:43,BUY,Up,0.12,34.67307,"Ethereum Up or Down - March 19, 6:00PM-6:05PM ET"
wallet_1,1773957823.0,2026-03-19 22:03:43,BUY,Up,0.12,49.86061,"Ethereum Up or Down - March 19, 6:00PM-6:05PM ET"
wallet_1,1773957823.0,2026-03-19 22:03:43,BUY,Up,0.12,50.0,"Ethereum Up or Down - March 19, 6:00PM-6:05PM ET"
wallet_1,1773957833.0,2026-03-19 22:03:53,BUY,Down,0.8200001721312181,4.066665,"Bitcoin Up or Down - March 19, 6:00PM-6:05PM ET"
wallet_1,1773957835.0,2026-03-19 22:03:55,BUY,Up,0.14,15.0,"Bitcoin Up or Down - March 19, 6:00PM-6:05PM ET"
wallet_1,1773957835.0,2026-03-19 22:03:55,BUY,Up,0.13000000174000104,5.747123,"Bitcoin Up or Down - March 19, 6:00PM-6:05PM ET"
wallet_1,1773957835.0,2026-03-19 22:03:55,BUY,Up,0.13000000174000104,5.747123,"Bitcoin Up or Down - March 19, 6:00PM-6:05PM ET"
wallet_1,1773957835.0,2026-03-19 22:03:55,BUY,Up,0.13,28.0,"Bitcoin Up or Down - March 19, 6:00PM-6:05PM ET"
wallet_1,1773957835.0,2026-03-19 22:03:55,BUY,Up,0.13,9.79,"Bitcoin Up or Down - March 19, 6:00PM-6:05PM ET"
wallet_1,1773957835.0,2026-03-19 22:03:55,BUY,Up,0.14,6.84,"Bitcoin Up or Down - March 19, 6:00PM-6:05PM ET"
wallet_1,1773957835.0,2026-03-19 22:03:55,BUY,Up,0.14,15.0,"Bitcoin Up or Down - March 19, 6:00PM-6:05PM ET"
wallet_1,1773957835.0,2026-03-19 22:03:55,BUY,Up,0.1400000231390336,2.593021,"Bitcoin Up or Down - March 19, 6:00PM-6:05PM ET"
wallet_1,1773957835.0,2026-03-19 22:03:55,BUY,Up,0.14,6.69,"Bitcoin Up or Down - March 19, 6:00PM-6:05PM ET"
wallet_1,1773957835.0,2026-03-19 22:03:55,BUY,Up,0.14,14.5,"Bitcoin Up or Down - March 19, 6:00PM-6:05PM ET"
wallet_1,1773957841.0,2026-03-19 22:04:01,BUY,Up,0.11,3.0337,"Bitcoin Up or Down - March 19, 6:00PM-6:05PM ET"
wallet_1,1773957841.0,2026-03-19 22:04:01,BUY,Up,0.11,3.0337,"Bitcoin Up or Down - March 19, 6:00PM-6:05PM ET"
wallet_1,1773957841.0,2026-03-19 22:04:01,BUY,Up,0.11,3.0,"Bitcoin Up or Down - March 19, 6:00PM-6:05PM ET"
wallet_1,1773957841.0,2026-03-19 22:04:01,BUY,Up,0.11,3.0337,"Bitcoin Up or Down - March 19, 6:00PM-6:05PM ET"
wallet_1,1773957841.0,2026-03-19 22:04:01,BUY,Up,0.11,1.43,"Bitcoin Up or Down - March 19, 6:00PM-6:05PM ET"
wallet_1,1773957841.0,2026-03-19 22:04:01,BUY,Up,0.11,3.0337,"Bitcoin Up or Down - March 19, 6:00PM-6:05PM ET"
wallet_1,1773957841.0,2026-03-19 22:04:01,BUY,Up,0.11,3.0,"Bitcoin Up or Down - March 19, 6:00PM-6:05PM ET"
wallet_1,1773957841.0,2026-03-19 22:04:01,BUY,Up,0.11,3.0337,"Bitcoin Up or Down - March 19, 6:00PM-6:05PM ET"
wallet_1,1773957841.0,2026-03-19 22:04:01,BUY,Up,0.11,3.0337,"Bitcoin Up or Down - March 19, 6:00PM-6:05PM ET"
wallet_1,1773957841.0,2026-03-19 22:04:01,BUY,Up,0.11,3.0337,"Bitcoin Up or Down - March 19, 6:00PM-6:05PM ET"
wallet_1,1773957841.0,2026-03-19 22:04:01,BUY,Up,0.11,3.0337,"Bitcoin Up or Down - March 19, 6:00PM-6:05PM ET"
wallet_1,1773957841.0,2026-03-19 22:04:01,BUY,Up,0.11,3.0337,"Bitcoin Up or Down - March 19, 6:00PM-6:05PM ET"
wallet_1,1773957841.0,2026-03-19 22:04:01,BUY,Up,0.11,3.0,"Bitcoin Up or Down - March 19, 6:00PM-6:05PM ET"
wallet_1,1773957841.0,2026-03-19 22:04:01,BUY,Up,0.11,3.0337,"Bitcoin Up or Down - March 19, 6:00PM-6:05PM ET"
wallet_1,1773957841.0,2026-03-19 22:04:01,BUY,Up,0.11,3.0,"Bitcoin Up or Down - March 19, 6:00PM-6:05PM ET"
wallet_1,1773957841.0,2026-03-19 22:04:01,BUY,Up,0.11,3.0337,"Bitcoin Up or Down - March 19, 6:00PM-6:05PM ET"
wallet_1,1773957841.0,2026-03-19 22:04:01,BUY,Up,0.11,3.0337,"Bitcoin Up or Down - March 19, 6:00PM-6:05PM ET"
wallet_1,1773957841.0,2026-03-19 22:04:01,BUY,Up,0.11,3.0337,"Bitcoin Up or Down - March 19, 6:00PM-6:05PM ET"
wallet_1,1773957841.0,2026-03-19 22:04:01,BUY,Up,0.11,3.0337,"Bitcoin Up or Down - March 19, 6:00PM-6:05PM ET"
wallet_1,1773957841.0,2026-03-19 22:04:01,BUY,Up,0.11,3.0,"Bitcoin Up or Down - March 19, 6:00PM-6:05PM ET"
wallet_1,1773957841.0,2026-03-19 22:04:01,BUY,Up,0.11,3.0337,"Bitcoin Up or Down - March 19, 6:00PM-6:05PM ET"
wallet_1,1773957841.0,2026-03-19 22:04:01,BUY,Up,0.11,3.0,"Bitcoin Up or Down - March 19, 6:00PM-6:05PM ET"
wallet_1,1773957841.0,2026-03-19 22:04:01,BUY,Up,0.11,3.0337,"Bitcoin Up or Down - March 19, 6:00PM-6:05PM ET"
wallet_1,1773957841.0,2026-03-19 22:04:01,BUY,Up,0.11,1.9237,"Bitcoin Up or Down - March 19, 6:00PM-6:05PM ET"
wallet_1,1773957853.0,2026-03-19 22:04:13,BUY,Up,0.16,6.17,"Bitcoin Up or Down - March 19, 6:00PM-6:05PM ET"
wallet_1,1773957855.0,2026-03-19 22:04:15,BUY,Up,0.14,14.66,"Bitcoin Up or Down - March 19, 6:00PM-6:05PM ET"
wallet_1,1773957869.0,2026-03-19 22:04:29,BUY,Down,0.98,41.11606,"Ethereum Up or Down - March 19, 6:00PM-6:05PM ET"
wallet_1,1773957869.0,2026-03-19 22:04:29,BUY,Down,0.98,49.9952,"Ethereum Up or Down - March 19, 6:00PM-6:05PM ET"
wallet_1,1773957869.0,2026-03-19 22:04:29,BUY,Down,0.98,49.9952,"Ethereum Up or Down - March 19, 6:00PM-6:05PM ET"
wallet_1,1773957877.0,2026-03-19 22:04:37,BUY,Down,0.99,49.99878,"Ethereum Up or Down - March 19, 6:00PM-6:05PM ET"
wallet_1,1773957879.0,2026-03-19 22:04:39,BUY,Down,0.97,70.0,"Bitcoin Up or Down - March 19, 6:00PM-6:05PM ET"
wallet_1,1773957879.0,2026-03-19 22:04:39,BUY,Down,0.99,49.99878,"Ethereum Up or Down - March 19, 6:00PM-6:05PM ET"
wallet_1,1773957879.0,2026-03-19 22:04:39,BUY,Down,0.99,49.99878,"Ethereum Up or Down - March 19, 6:00PM-6:05PM ET"
wallet_1,1773957879.0,2026-03-19 22:04:39,BUY,Down,0.96,70.0,"Bitcoin Up or Down - March 19, 6:00PM-6:05PM ET"
wallet_1,1773957881.0,2026-03-19 22:04:41,BUY,Down,0.97,3.77,"Bitcoin Up or Down - March 19, 6:00PM-6:05PM ET"
wallet_1,1773957881.0,2026-03-19 22:04:41,BUY,Down,0.98,69.99328,"Bitcoin Up or Down - March 19, 6:00PM-6:05PM ET"
wallet_1,1773957881.0,2026-03-19 22:04:41,BUY,Down,0.98,69.99328,"Bitcoin Up or Down - March 19, 6:00PM-6:05PM ET"
wallet_1,1773957881.0,2026-03-19 22:04:41,BUY,Down,0.99,69.99829,"Bitcoin Up or Down - March 19, 6:00PM-6:05PM ET"
wallet_1,1773957881.0,2026-03-19 22:04:41,BUY,Down,0.98,69.99328,"Bitcoin Up or Down - March 19, 6:00PM-6:05PM ET"
wallet_1,1773957881.0,2026-03-19 22:04:41,BUY,Down,0.98,69.99328,"Bitcoin Up or Down - March 19, 6:00PM-6:05PM ET"
wallet_1,1773957881.0,2026-03-19 22:04:41,BUY,Down,0.98,69.99328,"Bitcoin Up or Down - March 19, 6:00PM-6:05PM ET"
wallet_1,1773957881.0,2026-03-19 22:04:41,BUY,Down,0.97,66.23,"Bitcoin Up or Down - March 19, 6:00PM-6:05PM ET"
wallet_1,1773957883.0,2026-03-19 22:04:43,BUY,Down,0.99,69.98828999999999,"Bitcoin Up or Down - March 19, 6:00PM-6:05PM ET"
wallet_1,1773957915.0,2026-03-19 22:05:15,BUY,Down,0.56,70.0,"Bitcoin Up or Down - March 19, 6:05PM-6:10PM ET"
wallet_1,1773957917.0,2026-03-19 22:05:17,BUY,Down,0.55,70.0,"Bitcoin Up or Down - March 19, 6:05PM-6:10PM ET"
wallet_1,1773957917.0,2026-03-19 22:05:17,BUY,Down,0.51,68.90713,"Bitcoin Up or Down - March 19, 6:05PM-6:10PM ET"
wallet_1,1773957917.0,2026-03-19 22:05:17,BUY,Down,0.5,2.0,"Bitcoin Up or Down - March 19, 6:05PM-6:10PM ET"
wallet_1,1773957917.0,2026-03-19 22:05:17,BUY,Down,0.5,6.99891,"Bitcoin Up or Down - March 19, 6:05PM-6:10PM ET"
wallet_1,1773957933.0,2026-03-19 22:05:33,BUY,Up,0.32,51.32,"Bitcoin Up or Down - March 19, 6:05PM-6:10PM ET"
wallet_1,1773957933.0,2026-03-19 22:05:33,BUY,Up,0.32000000218298574,18.323528,"Bitcoin Up or Down - March 19, 6:05PM-6:10PM ET"
wallet_1,1773957933.0,2026-03-19 22:05:33,BUY,Down,0.64,60.89,"Bitcoin Up or Down - March 19, 6:05PM-6:10PM ET"
wallet_1,1773957933.0,2026-03-19 22:05:33,BUY,Down,0.65,70.0,"Bitcoin Up or Down - March 19, 6:05PM-6:10PM ET"
wallet_1,1773957933.0,2026-03-19 22:05:33,BUY,Up,0.2,8.75,"Ethereum Up or Down - March 19, 6:05PM-6:10PM ET"
wallet_1,1773957933.0,2026-03-19 22:05:33,BUY,Up,0.2,2.5,"Ethereum Up or Down - March 19, 6:05PM-6:10PM ET"
wallet_1,1773957933.0,2026-03-19 22:05:33,BUY,Up,0.2,6.0,"Ethereum Up or Down - March 19, 6:05PM-6:10PM ET"
wallet_1,1773957933.0,2026-03-19 22:05:33,BUY,Up,0.2,2.225,"Ethereum Up or Down - March 19, 6:05PM-6:10PM ET"
wallet_1,1773957935.0,2026-03-19 22:05:35,BUY,Up,0.32,0.35,"Bitcoin Up or Down - March 19, 6:05PM-6:10PM ET"
wallet_1,1773957943.0,2026-03-19 22:05:43,BUY,Up,0.29,30.0,"Bitcoin Up or Down - March 19, 6:05PM-6:10PM ET"
wallet_1,1773957943.0,2026-03-19 22:05:43,BUY,Up,0.29,34.62905,"Bitcoin Up or Down - March 19, 6:05PM-6:10PM ET"
wallet_1,1773957943.0,2026-03-19 22:05:43,BUY,Up,0.29,5.0,"Bitcoin Up or Down - March 19, 6:05PM-6:10PM ET"
wallet_1,1773957947.0,2026-03-19 22:05:47,BUY,Down,0.71,14.84102,"Bitcoin Up or Down - March 19, 6:05PM-6:10PM ET"
wallet_1,1773957953.0,2026-03-19 22:05:53,BUY,Down,0.71,54.99,"Bitcoin Up or Down - March 19, 6:05PM-6:10PM ET"
wallet_1,1773957955.0,2026-03-19 22:05:55,BUY,Down,0.7,70.0,"Bitcoin Up or Down - March 19, 6:05PM-6:10PM ET"
wallet_1,1773957965.0,2026-03-19 22:06:05,BUY,Up,0.14,20.0,"Ethereum Up or Down - March 19, 6:05PM-6:10PM ET"
wallet_1,1773957965.0,2026-03-19 22:06:05,BUY,Down,0.86,49.8188,"Ethereum Up or Down - March 19, 6:05PM-6:10PM ET"
wallet_1,1773957965.0,2026-03-19 22:06:05,BUY,Up,0.14,10.0,"Ethereum Up or Down - March 19, 6:05PM-6:10PM ET"
wallet_1,1773957965.0,2026-03-19 22:06:05,BUY,Up,0.14,20.0,"Ethereum Up or Down - March 19, 6:05PM-6:10PM ET"
wallet_1,1773957977.0,2026-03-19 22:06:17,BUY,Up,0.24,15.80743,"Ethereum Up or Down - March 19, 6:05PM-6:10PM ET"
wallet_1,1773957987.0,2026-03-19 22:06:27,BUY,Up,0.3,70.0,"Bitcoin Up or Down - March 19, 6:05PM-6:10PM ET"
wallet_1,1773957993.0,2026-03-19 22:06:33,BUY,Down,0.83,0.99503,"Ethereum Up or Down - March 19, 6:05PM-6:10PM ET"
wallet_1,1773957995.0,2026-03-19 22:06:35,BUY,Up,0.28,70.0,"Bitcoin Up or Down - March 19, 6:05PM-6:10PM ET"
wallet_1,1773958001.0,2026-03-19 22:06:41,BUY,Up,0.28,68.61,"Bitcoin Up or Down - March 19, 6:05PM-6:10PM ET"
wallet_1,1773958001.0,2026-03-19 22:06:41,BUY,Up,0.2800001440004032,1.388885,"Bitcoin Up or Down - March 19, 6:05PM-6:10PM ET"
wallet_1,1773958009.0,2026-03-19 22:06:49,BUY,Up,0.16,15.50965,"Ethereum Up or Down - March 19, 6:05PM-6:10PM ET"
wallet_1,1773958011.0,2026-03-19 22:06:51,BUY,Up,0.26,70.0,"Bitcoin Up or Down - March 19, 6:05PM-6:10PM ET"
wallet_1,1773958013.0,2026-03-19 22:06:53,BUY,Up,0.26,14.1,"Bitcoin Up or Down - March 19, 6:05PM-6:10PM ET"
wallet_1,1773958027.0,2026-03-19 22:07:07,BUY,Up,0.25,69.38477,"Bitcoin Up or Down - March 19, 6:05PM-6:10PM ET"
wallet_1,1773958033.0,2026-03-19 22:07:13,BUY,Up,0.27,70.0,"Bitcoin Up or Down - March 19, 6:05PM-6:10PM ET"
wallet_1,1773958033.0,2026-03-19 22:07:13,BUY,Up,0.26,41.25,"Bitcoin Up or Down - March 19, 6:05PM-6:10PM ET"
wallet_1,1773958033.0,2026-03-19 22:07:13,BUY,Up,0.26000001138461815,5.270269,"Bitcoin Up or Down - March 19, 6:05PM-6:10PM ET"
wallet_1,1773958037.0,2026-03-19 22:07:17,BUY,Up,0.3300000804000707,1.492536,"Bitcoin Up or Down - March 19, 6:05PM-6:10PM ET"
wallet_1,1773958037.0,2026-03-19 22:07:17,BUY,Up,0.3300000071466704,5.597012,"Bitcoin Up or Down - March 19, 6:05PM-6:10PM ET"
wallet_1,1773958051.0,2026-03-19 22:07:31,BUY,Up,0.54000000424012,66.035868,"Bitcoin Up or Down - March 19, 6:05PM-6:10PM ET"
wallet_1,1773958053.0,2026-03-19 22:07:33,BUY,Up,0.54,3.96,"Bitcoin Up or Down - March 19, 6:05PM-6:10PM ET"
wallet_1,1773958053.0,2026-03-19 22:07:33,BUY,Up,0.59,15.74,"Bitcoin Up or Down - March 19, 6:05PM-6:10PM ET"
wallet_1,1773958055.0,2026-03-19 22:07:35,BUY,Down,0.41000003722398415,5.37288,"Bitcoin Up or Down - March 19, 6:05PM-6:10PM ET"
wallet_1,1773958055.0,2026-03-19 22:07:35,BUY,Down,0.4,14.784,"Bitcoin Up or Down - March 19, 6:05PM-6:10PM ET"
wallet_1,1773958055.0,2026-03-19 22:07:35,BUY,Up,0.59,70.0,"Bitcoin Up or Down - March 19, 6:05PM-6:10PM ET"
wallet_1,1773958055.0,2026-03-19 22:07:35,BUY,Up,0.59,54.26,"Bitcoin Up or Down - March 19, 6:05PM-6:10PM ET"
wallet_1,1773958057.0,2026-03-19 22:07:37,BUY,Down,0.41,5.44,"Bitcoin Up or Down - March 19, 6:05PM-6:10PM ET"
wallet_1,1773958057.0,2026-03-19 22:07:37,BUY,Down,0.4100000098333348,10.16949,"Bitcoin Up or Down - March 19, 6:05PM-6:10PM ET"
wallet_1,1773958067.0,2026-03-19 22:07:47,BUY,Down,0.4300000087167813,41.299648,"Bitcoin Up or Down - March 19, 6:05PM-6:10PM ET"
wallet_1,1773958067.0,2026-03-19 22:07:47,BUY,Down,0.43,12.81,"Bitcoin Up or Down - March 19, 6:05PM-6:10PM ET"
wallet_1,1773958067.0,2026-03-19 22:07:47,BUY,Down,0.4300001767002986,1.754383,"Bitcoin Up or Down - March 19, 6:05PM-6:10PM ET"
wallet_1,1773958069.0,2026-03-19 22:07:49,BUY,Down,0.43,2.11,"Bitcoin Up or Down - March 19, 6:05PM-6:10PM ET"
wallet_1,1773958069.0,2026-03-19 22:07:49,BUY,Down,0.43,5.0,"Bitcoin Up or Down - March 19, 6:05PM-6:10PM ET"
wallet_1,1773958069.0,2026-03-19 22:07:49,BUY,Down,0.43000009405007855,3.508769,"Bitcoin Up or Down - March 19, 6:05PM-6:10PM ET"
wallet_1,1773958069.0,2026-03-19 22:07:49,BUY,Down,0.43000009405007855,3.508769,"Bitcoin Up or Down - March 19, 6:05PM-6:10PM ET"
wallet_1,1773958071.0,2026-03-19 22:07:51,BUY,Down,0.45,68.92802,"Bitcoin Up or Down - March 19, 6:05PM-6:10PM ET"
wallet_1,1773958073.0,2026-03-19 22:07:53,BUY,Down,0.45,68.92802,"Bitcoin Up or Down - March 19, 6:05PM-6:10PM ET"
wallet_1,1773958073.0,2026-03-19 22:07:53,BUY,Down,0.45,68.92802,"Bitcoin Up or Down - March 19, 6:05PM-6:10PM ET"
wallet_1,1773958073.0,2026-03-19 22:07:53,BUY,Up,0.44,18.5,"Bitcoin Up or Down - March 19, 6:05PM-6:10PM ET"
wallet_1,1773958073.0,2026-03-19 22:07:53,BUY,Up,0.44,51.5,"Bitcoin Up or Down - March 19, 6:05PM-6:10PM ET"
wallet_1,1773958073.0,2026-03-19 22:07:53,BUY,Down,0.34,6.45767,"Ethereum Up or Down - March 19, 6:05PM-6:10PM ET"
wallet_1,1773958087.0,2026-03-19 22:08:07,BUY,Down,0.44,70.0,"Bitcoin Up or Down - March 19, 6:05PM-6:10PM ET"
wallet_1,1773958087.0,2026-03-19 22:08:07,BUY,Down,0.43,9.87,"Bitcoin Up or Down - March 19, 6:05PM-6:10PM ET"
wallet_1,1773958087.0,2026-03-19 22:08:07,BUY,Down,0.4342857142857143,68.94371,"Bitcoin Up or Down - March 19, 6:05PM-6:10PM ET"
wallet_1,1773958089.0,2026-03-19 22:08:09,BUY,Down,0.26,1.35135,"Ethereum Up or Down - March 19, 6:05PM-6:10PM ET"
wallet_1,1773958089.0,2026-03-19 22:08:09,BUY,Down,0.26,1.35135,"Ethereum Up or Down - March 19, 6:05PM-6:10PM ET"
wallet_1,1773958089.0,2026-03-19 22:08:09,BUY,Down,0.2600000325600181,6.756753,"Ethereum Up or Down - March 19, 6:05PM-6:10PM ET"
wallet_1,1773958097.0,2026-03-19 22:08:17,BUY,Down,0.25,12.673332,"Ethereum Up or Down - March 19, 6:05PM-6:10PM ET"
wallet_1,1773958111.0,2026-03-19 22:08:31,BUY,Down,0.16,5.0,"Ethereum Up or Down - March 19, 6:05PM-6:10PM ET"
wallet_1,1773958111.0,2026-03-19 22:08:31,BUY,Down,0.16,7.0119,"Ethereum Up or Down - March 19, 6:05PM-6:10PM ET"
wallet_1,1773958111.0,2026-03-19 22:08:31,BUY,Down,0.16000001280813847,9.369043,"Ethereum Up or Down - March 19, 6:05PM-6:10PM ET"
wallet_1,1773958111.0,2026-03-19 22:08:31,BUY,Down,0.16,8.38,"Ethereum Up or Down - March 19, 6:05PM-6:10PM ET"
wallet_1,1773958111.0,2026-03-19 22:08:31,BUY,Down,0.16,1.16,"Ethereum Up or Down - March 19, 6:05PM-6:10PM ET"
wallet_1,1773958111.0,2026-03-19 22:08:31,BUY,Down,0.16,5.0,"Ethereum Up or Down - March 19, 6:05PM-6:10PM ET"
wallet_1,1773958111.0,2026-03-19 22:08:31,BUY,Down,0.16000000724138394,5.523806,"Ethereum Up or Down - March 19, 6:05PM-6:10PM ET"
wallet_1,1773958111.0,2026-03-19 22:08:31,BUY,Down,0.16000000937238745,8.535712,"Ethereum Up or Down - March 19, 6:05PM-6:10PM ET"
wallet_1,1773958113.0,2026-03-19 22:08:33,BUY,Down,0.26,21.6577,"Bitcoin Up or Down - March 19, 6:05PM-6:10PM ET"
wallet_1,1773958113.0,2026-03-19 22:08:33,BUY,Down,0.25,69.38477,"Bitcoin Up or Down - March 19, 6:05PM-6:10PM ET"
wallet_1,1773958113.0,2026-03-19 22:08:33,BUY,Down,0.16,5.0,"Ethereum Up or Down - March 19, 6:05PM-6:10PM ET"
wallet_1,1773958113.0,2026-03-19 22:08:33,BUY,Down,0.16,1.190475,"Ethereum Up or Down - March 19, 6:05PM-6:10PM ET"
wallet_1,1773958119.0,2026-03-19 22:08:39,BUY,Up,0.76,52.11,"Bitcoin Up or Down - March 19, 6:05PM-6:10PM ET"
wallet_1,1773958119.0,2026-03-19 22:08:39,BUY,Up,0.9,1.71652,"Ethereum Up or Down - March 19, 6:05PM-6:10PM ET"
wallet_1,1773958119.0,2026-03-19 22:08:39,BUY,Up,0.7600001440000576,4.166665,"Bitcoin Up or Down - March 19, 6:05PM-6:10PM ET"
wallet_1,1773958119.0,2026-03-19 22:08:39,BUY,Up,0.7600001440000576,4.166665,"Bitcoin Up or Down - March 19, 6:05PM-6:10PM ET"
wallet_1,1773958119.0,2026-03-19 22:08:39,BUY,Up,0.7600000628821071,9.541665,"Bitcoin Up or Down - March 19, 6:05PM-6:10PM ET"
wallet_1,1773958119.0,2026-03-19 22:08:39,BUY,Up,0.77,69.45113,"Bitcoin Up or Down - March 19, 6:05PM-6:10PM ET"
wallet_1,1773958119.0,2026-03-19 22:08:39,BUY,Up,0.77,69.45113,"Bitcoin Up or Down - March 19, 6:05PM-6:10PM ET"
wallet_1,1773958121.0,2026-03-19 22:08:41,BUY,Down,0.14,51.92,"Bitcoin Up or Down - March 19, 6:05PM-6:10PM ET"
wallet_1,1773958121.0,2026-03-19 22:08:41,BUY,Up,0.84,5.0,"Bitcoin Up or Down - March 19, 6:05PM-6:10PM ET"
wallet_1,1773958121.0,2026-03-19 22:08:41,BUY,Up,0.860000021280001,35.714284,"Bitcoin Up or Down - March 19, 6:05PM-6:10PM ET"
wallet_1,1773958121.0,2026-03-19 22:08:41,BUY,Up,0.86,12.74,"Bitcoin Up or Down - March 19, 6:05PM-6:10PM ET"
wallet_1,1773958121.0,2026-03-19 22:08:41,BUY,Down,0.14,18.08,"Bitcoin Up or Down - March 19, 6:05PM-6:10PM ET"
wallet_1,1773958123.0,2026-03-19 22:08:43,BUY,Up,0.8600005704853982,1.297141,"Bitcoin Up or Down - March 19, 6:05PM-6:10PM ET"
wallet_1,1773958123.0,2026-03-19 22:08:43,BUY,Down,0.1,1.5,"Bitcoin Up or Down - March 19, 6:05PM-6:10PM ET"
wallet_1,1773958123.0,2026-03-19 22:08:43,BUY,Down,0.1,22.7,"Bitcoin Up or Down - March 19, 6:05PM-6:10PM ET"
wallet_1,1773958123.0,2026-03-19 22:08:43,BUY,Down,0.1,8.5,"Bitcoin Up or Down - March 19, 6:05PM-6:10PM ET"
wallet_1,1773958123.0,2026-03-19 22:08:43,BUY,Down,0.1,9.43333,"Bitcoin Up or Down - March 19, 6:05PM-6:10PM ET"
wallet_1,1773958123.0,2026-03-19 22:08:43,BUY,Down,0.1,14.8,"Bitcoin Up or Down - March 19, 6:05PM-6:10PM ET"
wallet_1,1773958123.0,2026-03-19 22:08:43,BUY,Down,0.1,3.26666,"Bitcoin Up or Down - March 19, 6:05PM-6:10PM ET"
wallet_1,1773958123.0,2026-03-19 22:08:43,BUY,Down,0.1,9.78111,"Bitcoin Up or Down - March 19, 6:05PM-6:10PM ET"
wallet_1,1773958123.0,2026-03-19 22:08:43,BUY,Up,0.96,21.84195,"Ethereum Up or Down - March 19, 6:05PM-6:10PM ET"
wallet_1,1773958123.0,2026-03-19 22:08:43,BUY,Up,0.95,49.9718,"Ethereum Up or Down - March 19, 6:05PM-6:10PM ET"
wallet_1,1773958123.0,2026-03-19 22:08:43,BUY,Up,0.94,10.8,"Ethereum Up or Down - March 19, 6:05PM-6:10PM ET"
wallet_1,1773958127.0,2026-03-19 22:08:47,BUY,Up,0.94,69.94434,"Bitcoin Up or Down - March 19, 6:05PM-6:10PM ET"
wallet_1,1773958129.0,2026-03-19 22:08:49,BUY,Up,0.93,70.0,"Bitcoin Up or Down - March 19, 6:05PM-6:10PM ET"
wallet_1,1773958165.0,2026-03-19 22:09:25,BUY,Down,0.02,69.99328,"Bitcoin Up or Down - March 19, 6:05PM-6:10PM ET"
wallet_1,1773958165.0,2026-03-19 22:09:25,BUY,Down,0.03,6.0,"Bitcoin Up or Down - March 19, 6:05PM-6:10PM ET"
wallet_1,1773958165.0,2026-03-19 22:09:25,BUY,Down,0.03,69.98519,"Bitcoin Up or Down - March 19, 6:05PM-6:10PM ET"
wallet_1,1773958165.0,2026-03-19 22:09:25,BUY,Down,0.03,69.98519,"Bitcoin Up or Down - March 19, 6:05PM-6:10PM ET"
wallet_1,1773958167.0,2026-03-19 22:09:27,BUY,Down,0.03,64.0,"Bitcoin Up or Down - March 19, 6:05PM-6:10PM ET"
wallet_1,1773958171.0,2026-03-19 22:09:31,BUY,Down,0.03,54.73841,"Bitcoin Up or Down - March 19, 6:05PM-6:10PM ET"
wallet_1,1773958171.0,2026-03-19 22:09:31,BUY,Down,0.05,69.96052,"Bitcoin Up or Down - March 19, 6:05PM-6:10PM ET"
wallet_1,1773958179.0,2026-03-19 22:09:39,BUY,Up,0.95,43.97519,"Bitcoin Up or Down - March 19, 6:05PM-6:10PM ET"
wallet_1,1773958179.0,2026-03-19 22:09:39,BUY,Up,0.96,69.9742,"Bitcoin Up or Down - March 19, 6:05PM-6:10PM ET"
wallet_1,1773958183.0,2026-03-19 22:09:43,BUY,Up,0.97,33.4,"Bitcoin Up or Down - March 19, 6:05PM-6:10PM ET"
wallet_1,1773958183.0,2026-03-19 22:09:43,BUY,Up,0.9700000259586495,36.596665,"Bitcoin Up or Down - March 19, 6:05PM-6:10PM ET"
wallet_1,1773958185.0,2026-03-19 22:09:45,BUY,Up,0.99,70.0,"Bitcoin Up or Down - March 19, 6:05PM-6:10PM ET"
wallet_1,1773958185.0,2026-03-19 22:09:45,BUY,Up,0.99,70.0,"Bitcoin Up or Down - March 19, 6:05PM-6:10PM ET"
wallet_1,1773958187.0,2026-03-19 22:09:47,BUY,Up,0.99,70.0,"Bitcoin Up or Down - March 19, 6:05PM-6:10PM ET"
wallet_1,1773958187.0,2026-03-19 22:09:47,BUY,Up,0.99,70.0,"Bitcoin Up or Down - March 19, 6:05PM-6:10PM ET"
wallet_1,1773958187.0,2026-03-19 22:09:47,BUY,Up,0.99,25.99,"Bitcoin Up or Down - March 19, 6:05PM-6:10PM ET"
wallet_1,1773958187.0,2026-03-19 22:09:47,BUY,Up,0.99,70.0,"Bitcoin Up or Down - March 19, 6:05PM-6:10PM ET"
wallet_1,1773958187.0,2026-03-19 22:09:47,BUY,Up,0.99,70.0,"Bitcoin Up or Down - March 19, 6:05PM-6:10PM ET"
wallet_1,1773958209.0,2026-03-19 22:10:09,BUY,Up,0.53,68.91412,"Bitcoin Up or Down - March 19, 6:10PM-6:15PM ET"
wallet_1,1773958209.0,2026-03-19 22:10:09,BUY,Up,0.57,49.24908,"Ethereum Up or Down - March 19, 6:10PM-6:15PM ET"
wallet_1,1773958211.0,2026-03-19 22:10:11,BUY,Down,0.46,68.92021,"Bitcoin Up or Down - March 19, 6:10PM-6:15PM ET"
wallet_1,1773958217.0,2026-03-19 22:10:17,BUY,Up,0.5,68.90625,"Bitcoin Up or Down - March 19, 6:10PM-6:15PM ET"
wallet_1,1773958217.0,2026-03-19 22:10:17,BUY,Up,0.4800000166400028,9.615383,"Bitcoin Up or Down - March 19, 6:10PM-6:15PM ET"
wallet_1,1773958217.0,2026-03-19 22:10:17,BUY,Up,0.49,2.52004,"Bitcoin Up or Down - March 19, 6:10PM-6:15PM ET"
wallet_1,1773958221.0,2026-03-19 22:10:21,BUY,Up,0.52,68.90975,"Bitcoin Up or Down - March 19, 6:10PM-6:15PM ET"
wallet_1,1773958223.0,2026-03-19 22:10:23,BUY,Down,0.48,68.90975,"Bitcoin Up or Down - March 19, 6:10PM-6:15PM ET"
wallet_1,1773958233.0,2026-03-19 22:10:33,BUY,Down,0.59,3.8,"Bitcoin Up or Down - March 19, 6:10PM-6:15PM ET"
wallet_1,1773958235.0,2026-03-19 22:10:35,BUY,Down,0.6300004667585887,0.792701,"Bitcoin Up or Down - March 19, 6:10PM-6:15PM ET"
wallet_1,1773958235.0,2026-03-19 22:10:35,BUY,Down,0.63,2.27,"Bitcoin Up or Down - March 19, 6:10PM-6:15PM ET"
wallet_1,1773958235.0,2026-03-19 22:10:35,BUY,Down,0.63,43.47,"Bitcoin Up or Down - March 19, 6:10PM-6:15PM ET"
wallet_1,1773958235.0,2026-03-19 22:10:35,BUY,Down,0.6300000325600037,13.513512,"Bitcoin Up or Down - March 19, 6:10PM-6:15PM ET"
wallet_1,1773958235.0,2026-03-19 22:10:35,BUY,Down,0.63,5.5,"Bitcoin Up or Down - March 19, 6:10PM-6:15PM ET"
wallet_1,1773958235.0,2026-03-19 22:10:35,BUY,Down,0.6300001060366196,4.432431,"Bitcoin Up or Down - March 19, 6:10PM-6:15PM ET"
wallet_1,1773958235.0,2026-03-19 22:10:35,BUY,Down,0.62,5.0,"Bitcoin Up or Down - March 19, 6:10PM-6:15PM ET"
wallet_1,1773958235.0,2026-03-19 22:10:35,BUY,Down,0.6200001791870531,3.236841,"Bitcoin Up or Down - March 19, 6:10PM-6:15PM ET"
wallet_1,1773958245.0,2026-03-19 22:10:45,BUY,Down,0.53,5.86755,"Ethereum Up or Down - March 19, 6:10PM-6:15PM ET"
wallet_1,1773958247.0,2026-03-19 22:10:47,BUY,Down,0.64,70.0,"Bitcoin Up or Down - March 19, 6:10PM-6:15PM ET"
wallet_1,1773958253.0,2026-03-19 22:10:53,BUY,Down,0.62,61.76,"Bitcoin Up or Down - March 19, 6:10PM-6:15PM ET"
wallet_1,1773958255.0,2026-03-19 22:10:55,BUY,Down,0.65,8.281450000000001,"Bitcoin Up or Down - March 19, 6:10PM-6:15PM ET"
wallet_1,1773958257.0,2026-03-19 22:10:57,BUY,Down,0.65,69.09427,"Bitcoin Up or Down - March 19, 6:10PM-6:15PM ET"
wallet_1,1773958257.0,2026-03-19 22:10:57,BUY,Down,0.66,70.0,"Bitcoin Up or Down - March 19, 6:10PM-6:15PM ET"
wallet_1,1773958261.0,2026-03-19 22:11:01,BUY,Up,0.35,4.93531,"Bitcoin Up or Down - March 19, 6:10PM-6:15PM ET"
wallet_1,1773958261.0,2026-03-19 22:11:01,BUY,Up,0.34,47.39574,"Bitcoin Up or Down - March 19, 6:10PM-6:15PM ET"
wallet_1,1773958261.0,2026-03-19 22:11:01,BUY,Up,0.33,33.58448,"Bitcoin Up or Down - March 19, 6:10PM-6:15PM ET"
wallet_1,1773958297.0,2026-03-19 22:11:37,BUY,Up,0.4,5.73,"Bitcoin Up or Down - March 19, 6:10PM-6:15PM ET"
wallet_1,1773958297.0,2026-03-19 22:11:37,BUY,Down,0.5800001764001023,2.380951,"Bitcoin Up or Down - March 19, 6:10PM-6:15PM ET"
wallet_1,1773958297.0,2026-03-19 22:11:37,BUY,Down,0.5800001764001023,2.380951,"Bitcoin Up or Down - March 19, 6:10PM-6:15PM ET"
wallet_1,1773958297.0,2026-03-19 22:11:37,BUY,Down,0.5800001943588725,2.160951,"Bitcoin Up or Down - March 19, 6:10PM-6:15PM ET"
wallet_1,1773958297.0,2026-03-19 22:11:37,BUY,Up,0.4,2.708665,"Bitcoin Up or Down - March 19, 6:10PM-6:15PM ET"
wallet_1,1773958311.0,2026-03-19 22:11:51,BUY,Up,0.32,5.0,"Bitcoin Up or Down - March 19, 6:10PM-6:15PM ET"
wallet_1,1773958311.0,2026-03-19 22:11:51,BUY,Up,0.33085714285714285,69.14226,"Bitcoin Up or Down - March 19, 6:10PM-6:15PM ET"
wallet_1,1773958323.0,2026-03-19 22:12:03,BUY,Up,0.36,11.74208,"Bitcoin Up or Down - March 19, 6:10PM-6:15PM ET"
wallet_1,1773958343.0,2026-03-19 22:12:23,BUY,Up,0.36,29.60187,"Bitcoin Up or Down - March 19, 6:10PM-6:15PM ET"
wallet_1,1773958347.0,2026-03-19 22:12:27,BUY,Up,0.4800001451163511,2.480768,"Bitcoin Up or Down - March 19, 6:10PM-6:15PM ET"
wallet_1,1773958347.0,2026-03-19 22:12:27,BUY,Up,0.49,68.90713,"Bitcoin Up or Down - March 19, 6:10PM-6:15PM ET"
wallet_1,1773958351.0,2026-03-19 22:12:31,BUY,Up,0.5100000049000016,6.122447,"Bitcoin Up or Down - March 19, 6:10PM-6:15PM ET"
wallet_1,1773958351.0,2026-03-19 22:12:31,BUY,Up,0.51,2.74,"Bitcoin Up or Down - March 19, 6:10PM-6:15PM ET"
wallet_1,1773958353.0,2026-03-19 22:12:33,BUY,Down,0.51,38.489560000000004,"Bitcoin Up or Down - March 19, 6:10PM-6:15PM ET"
wallet_1,1773958365.0,2026-03-19 22:12:45,BUY,Down,0.65,70.0,"Bitcoin Up or Down - March 19, 6:10PM-6:15PM ET"
wallet_1,1773958365.0,2026-03-19 22:12:45,BUY,Down,0.66,70.0,"Bitcoin Up or Down - March 19, 6:10PM-6:15PM ET"
wallet_1,1773958391.0,2026-03-19 22:13:11,BUY,Up,0.35,10.85768,"Ethereum Up or Down - March 19, 6:10PM-6:15PM ET"
wallet_1,1773958393.0,2026-03-19 22:13:13,BUY,Up,0.42,4.0,"Bitcoin Up or Down - March 19, 6:10PM-6:15PM ET"
wallet_1,1773958393.0,2026-03-19 22:13:13,BUY,Up,0.42,20.0,"Bitcoin Up or Down - March 19, 6:10PM-6:15PM ET"
wallet_1,1773958393.0,2026-03-19 22:13:13,BUY,Up,0.42,20.0,"Bitcoin Up or Down - March 19, 6:10PM-6:15PM ET"
wallet_1,1773958393.0,2026-03-19 22:13:13,BUY,Up,0.42,12.87,"Bitcoin Up or Down - March 19, 6:10PM-6:15PM ET"
wallet_1,1773958393.0,2026-03-19 22:13:13,BUY,Up,0.42,5.0,"Bitcoin Up or Down - March 19, 6:10PM-6:15PM ET"
wallet_1,1773958393.0,2026-03-19 22:13:13,BUY,Up,0.4200000184127051,4.344826,"Bitcoin Up or Down - March 19, 6:10PM-6:15PM ET"
wallet_1,1773958409.0,2026-03-19 22:13:29,BUY,Up,0.45,68.92802,"Bitcoin Up or Down - March 19, 6:10PM-6:15PM ET"
wallet_1,1773958417.0,2026-03-19 22:13:37,BUY,Up,0.49,14.0,"Bitcoin Up or Down - March 19, 6:10PM-6:15PM ET"
wallet_1,1773958419.0,2026-03-19 22:13:39,BUY,Up,0.520000019200003,10.416665,"Bitcoin Up or Down - March 19, 6:10PM-6:15PM ET"
wallet_1,1773958419.0,2026-03-19 22:13:39,BUY,Up,0.53,13.78283,"Bitcoin Up or Down - March 19, 6:10PM-6:15PM ET"
wallet_1,1773958419.0,2026-03-19 22:13:39,BUY,Up,0.5200001728001106,2.083332,"Ethereum Up or Down - March 19, 6:10PM-6:15PM ET"
wallet_1,1773958429.0,2026-03-19 22:13:49,BUY,Up,0.55,11.51098,"Bitcoin Up or Down - March 19, 6:10PM-6:15PM ET"
wallet_1,1773958431.0,2026-03-19 22:13:51,BUY,Up,0.6894828571428572,69.19785,"Bitcoin Up or Down - March 19, 6:10PM-6:15PM ET"
wallet_1,1773958433.0,2026-03-19 22:13:53,BUY,Up,0.72,15.0,"Bitcoin Up or Down - March 19, 6:10PM-6:15PM ET"
wallet_1,1773958433.0,2026-03-19 22:13:53,BUY,Up,0.8100001216000438,5.263156,"Ethereum Up or Down - March 19, 6:10PM-6:15PM ET"
wallet_1,1773958433.0,2026-03-19 22:13:53,BUY,Up,0.72,1.68,"Bitcoin Up or Down - March 19, 6:10PM-6:15PM ET"
wallet_1,1773958433.0,2026-03-19 22:13:53,BUY,Up,0.72,16.0,"Bitcoin Up or Down - March 19, 6:10PM-6:15PM ET"
wallet_1,1773958433.0,2026-03-19 22:13:53,BUY,Up,0.77,11.02,"Ethereum Up or Down - March 19, 6:10PM-6:15PM ET"
wallet_1,1773958433.0,2026-03-19 22:13:53,BUY,Up,0.71,4.34,"Bitcoin Up or Down - March 19, 6:10PM-6:15PM ET"
wallet_1,1773958433.0,2026-03-19 22:13:53,BUY,Up,0.72,34.64438,"Bitcoin Up or Down - March 19, 6:10PM-6:15PM ET"
wallet_1,1773958433.0,2026-03-19 22:13:53,BUY,Up,0.71,5.0,"Bitcoin Up or Down - March 19, 6:10PM-6:15PM ET"
wallet_1,1773958433.0,2026-03-19 22:13:53,BUY,Up,0.71,10.0,"Bitcoin Up or Down - March 19, 6:10PM-6:15PM ET"
wallet_1,1773958433.0,2026-03-19 22:13:53,BUY,Up,0.71,9.0,"Bitcoin Up or Down - March 19, 6:10PM-6:15PM ET"
wallet_1,1773958433.0,2026-03-19 22:13:53,BUY,Up,0.71,10.37,"Bitcoin Up or Down - March 19, 6:10PM-6:15PM ET"
wallet_1,1773958433.0,2026-03-19 22:13:53,BUY,Up,0.71,17.29,"Bitcoin Up or Down - March 19, 6:10PM-6:15PM ET"
wallet_1,1773958433.0,2026-03-19 22:13:53,BUY,Up,0.7000001363636984,3.666665,"Bitcoin Up or Down - March 19, 6:10PM-6:15PM ET"
wallet_1,1773958439.0,2026-03-19 22:13:59,BUY,Up,0.79,70.0,"Bitcoin Up or Down - March 19, 6:10PM-6:15PM ET"
wallet_1,1773958439.0,2026-03-19 22:13:59,BUY,Up,0.8,68.22058,"Bitcoin Up or Down - March 19, 6:10PM-6:15PM ET"
wallet_1,1773958449.0,2026-03-19 22:14:09,BUY,Down,0.04,0.21,"Ethereum Up or Down - March 19, 6:10PM-6:15PM ET"
wallet_1,1773958449.0,2026-03-19 22:14:09,BUY,Down,0.04,7.07,"Ethereum Up or Down - March 19, 6:10PM-6:15PM ET"
wallet_1,1773958449.0,2026-03-19 22:14:09,BUY,Down,0.04,3.125,"Ethereum Up or Down - March 19, 6:10PM-6:15PM ET"
wallet_1,1773958449.0,2026-03-19 22:14:09,BUY,Down,0.04,1.04165,"Ethereum Up or Down - March 19, 6:10PM-6:15PM ET"
wallet_1,1773958449.0,2026-03-19 22:14:09,BUY,Down,0.04,10.0,"Ethereum Up or Down - March 19, 6:10PM-6:15PM ET"
wallet_1,1773958449.0,2026-03-19 22:14:09,BUY,Down,0.04,0.21,"Ethereum Up or Down - March 19, 6:10PM-6:15PM ET"
wallet_1,1773958449.0,2026-03-19 22:14:09,BUY,Down,0.04,7.07,"Ethereum Up or Down - March 19, 6:10PM-6:15PM ET"
wallet_1,1773958449.0,2026-03-19 22:14:09,BUY,Down,0.04,3.125,"Ethereum Up or Down - March 19, 6:10PM-6:15PM ET"
wallet_1,1773958449.0,2026-03-19 22:14:09,BUY,Down,0.04,1.04165,"Ethereum Up or Down - March 19, 6:10PM-6:15PM ET"
wallet_1,1773958449.0,2026-03-19 22:14:09,BUY,Down,0.04,10.0,"Ethereum Up or Down - March 19, 6:10PM-6:15PM ET"
wallet_1,1773958449.0,2026-03-19 22:14:09,BUY,Down,0.06,15.95,"Bitcoin Up or Down - March 19, 6:10PM-6:15PM ET"
wallet_1,1773958449.0,2026-03-19 22:14:09,BUY,Down,0.06000000146076214,27.382966,"Bitcoin Up or Down - March 19, 6:10PM-6:15PM ET"
wallet_1,1773958449.0,2026-03-19 22:14:09,BUY,Down,0.060000003760011265,5.319133,"Bitcoin Up or Down - March 19, 6:10PM-6:15PM ET"
wallet_1,1773958449.0,2026-03-19 22:14:09,BUY,Down,0.06000000315966598,12.659566,"Bitcoin Up or Down - March 19, 6:10PM-6:15PM ET"
wallet_1,1773958449.0,2026-03-19 22:14:09,BUY,Down,0.06,8.6731,"Bitcoin Up or Down - March 19, 6:10PM-6:15PM ET"
wallet_1,1773958449.0,2026-03-19 22:14:09,BUY,Down,0.06,70.0,"Bitcoin Up or Down - March 19, 6:10PM-6:15PM ET"
wallet_1,1773958451.0,2026-03-19 22:14:11,BUY,Down,0.04,14.25,"Ethereum Up or Down - March 19, 6:10PM-6:15PM ET"
wallet_1,1773958451.0,2026-03-19 22:14:11,BUY,Down,0.04,3.864575,"Ethereum Up or Down - March 19, 6:10PM-6:15PM ET"
wallet_1,1773958451.0,2026-03-19 22:14:11,BUY,Down,0.04,10.41665,"Ethereum Up or Down - March 19, 6:10PM-6:15PM ET"
wallet_1,1773958451.0,2026-03-19 22:14:11,BUY,Down,0.04,14.25,"Ethereum Up or Down - March 19, 6:10PM-6:15PM ET"
wallet_1,1773958451.0,2026-03-19 22:14:11,BUY,Down,0.04,3.864575,"Ethereum Up or Down - March 19, 6:10PM-6:15PM ET"
wallet_1,1773958451.0,2026-03-19 22:14:11,BUY,Down,0.04,10.41665,"Ethereum Up or Down - March 19, 6:10PM-6:15PM ET"
wallet_1,1773958455.0,2026-03-19 22:14:15,BUY,Down,0.04,4.99816,"Ethereum Up or Down - March 19, 6:10PM-6:15PM ET"
wallet_1,1773958455.0,2026-03-19 22:14:15,BUY,Down,0.05,62.29,"Bitcoin Up or Down - March 19, 6:10PM-6:15PM ET"
wallet_1,1773958455.0,2026-03-19 22:14:15,BUY,Down,0.05,7.7063,"Bitcoin Up or Down - March 19, 6:10PM-6:15PM ET"
wallet_1,1773958455.0,2026-03-19 22:14:15,BUY,Down,0.04,4.99816,"Ethereum Up or Down - March 19, 6:10PM-6:15PM ET"
wallet_1,1773958455.0,2026-03-19 22:14:15,BUY,Down,0.05,62.29,"Bitcoin Up or Down - March 19, 6:10PM-6:15PM ET"
wallet_1,1773958455.0,2026-03-19 22:14:15,BUY,Down,0.05,7.7063,"Bitcoin Up or Down - March 19, 6:10PM-6:15PM ET"
wallet_1,1773958457.0,2026-03-19 22:14:17,BUY,Down,0.04,4.83,"Ethereum Up or Down - March 19, 6:10PM-6:15PM ET"
wallet_1,1773958457.0,2026-03-19 22:14:17,BUY,Down,0.04,40.16665,"Ethereum Up or Down - March 19, 6:10PM-6:15PM ET"
wallet_1,1773958457.0,2026-03-19 22:14:17,BUY,Down,0.04,4.83,"Ethereum Up or Down - March 19, 6:10PM-6:15PM ET"
wallet_1,1773958457.0,2026-03-19 22:14:17,BUY,Down,0.04,40.16665,"Ethereum Up or Down - March 19, 6:10PM-6:15PM ET"
wallet_1,1773958459.0,2026-03-19 22:14:19,BUY,Down,0.04,5.47,"Bitcoin Up or Down - March 19, 6:10PM-6:15PM ET"
wallet_1,1773958459.0,2026-03-19 22:14:19,BUY,Down,0.04,50.0,"Bitcoin Up or Down - March 19, 6:10PM-6:15PM ET"
wallet_1,1773958459.0,2026-03-19 22:14:19,BUY,Down,0.04,14.520825,"Bitcoin Up or Down - March 19, 6:10PM-6:15PM ET"
wallet_1,1773958459.0,2026-03-19 22:14:19,BUY,Down,0.04,70.0,"Bitcoin Up or Down - March 19, 6:10PM-6:15PM ET"
wallet_1,1773958459.0,2026-03-19 22:14:19,BUY,Down,0.04,5.47,"Bitcoin Up or Down - March 19, 6:10PM-6:15PM ET"
wallet_1,1773958459.0,2026-03-19 22:14:19,BUY,Down,0.04,50.0,"Bitcoin Up or Down - March 19, 6:10PM-6:15PM ET"
wallet_1,1773958459.0,2026-03-19 22:14:19,BUY,Down,0.04,14.520825,"Bitcoin Up or Down - March 19, 6:10PM-6:15PM ET"
wallet_1,1773958459.0,2026-03-19 22:14:19,BUY,Down,0.04,70.0,"Bitcoin Up or Down - March 19, 6:10PM-6:15PM ET"
wallet_1,1773958461.0,2026-03-19 22:14:21,BUY,Down,0.03,10.0,"Ethereum Up or Down - March 19, 6:10PM-6:15PM ET"
wallet_1,1773958461.0,2026-03-19 22:14:21,BUY,Down,0.03,40.0,"Ethereum Up or Down - March 19, 6:10PM-6:15PM ET"
wallet_1,1773958461.0,2026-03-19 22:14:21,BUY,Down,0.03,13.01,"Bitcoin Up or Down - March 19, 6:10PM-6:15PM ET"
wallet_1,1773958461.0,2026-03-19 22:14:21,BUY,Down,0.030000018476330895,1.082466,"Bitcoin Up or Down - March 19, 6:10PM-6:15PM ET"
wallet_1,1773958461.0,2026-03-19 22:14:21,BUY,Down,0.03,50.0,"Bitcoin Up or Down - March 19, 6:10PM-6:15PM ET"
wallet_1,1773958461.0,2026-03-19 22:14:21,BUY,Down,0.03,69.98519,"Bitcoin Up or Down - March 19, 6:10PM-6:15PM ET"
wallet_1,1773958461.0,2026-03-19 22:14:21,BUY,Down,0.03,10.0,"Ethereum Up or Down - March 19, 6:10PM-6:15PM ET"
wallet_1,1773958461.0,2026-03-19 22:14:21,BUY,Down,0.03,40.0,"Ethereum Up or Down - March 19, 6:10PM-6:15PM ET"
wallet_1,1773958461.0,2026-03-19 22:14:21,BUY,Down,0.03,13.01,"Bitcoin Up or Down - March 19, 6:10PM-6:15PM ET"
wallet_1,1773958461.0,2026-03-19 22:14:21,BUY,Down,0.030000018476330895,1.082466,"Bitcoin Up or Down - March 19, 6:10PM-6:15PM ET"
wallet_1,1773958461.0,2026-03-19 22:14:21,BUY,Down,0.03,50.0,"Bitcoin Up or Down - March 19, 6:10PM-6:15PM ET"
wallet_1,1773958461.0,2026-03-19 22:14:21,BUY,Down,0.03,69.98519,"Bitcoin Up or Down - March 19, 6:10PM-6:15PM ET"
wallet_1,1773958463.0,2026-03-19 22:14:23,BUY,Down,0.03,5.9,"Bitcoin Up or Down - March 19, 6:10PM-6:15PM ET"
wallet_1,1773958463.0,2026-03-19 22:14:23,BUY,Down,0.03,5.9,"Bitcoin Up or Down - March 19, 6:10PM-6:15PM ET"
wallet_1,1773958465.0,2026-03-19 22:14:25,BUY,Down,0.02,70.0,"Bitcoin Up or Down - March 19, 6:10PM-6:15PM ET"
wallet_1,1773958465.0,2026-03-19 22:14:25,BUY,Down,0.02,70.0,"Bitcoin Up or Down - March 19, 6:10PM-6:15PM ET"
wallet_1,1773958467.0,2026-03-19 22:14:27,BUY,Down,0.02,50.0,"Ethereum Up or Down - March 19, 6:10PM-6:15PM ET"
wallet_1,1773958467.0,2026-03-19 22:14:27,BUY,Down,0.02,69.99328,"Bitcoin Up or Down - March 19, 6:10PM-6:15PM ET"
wallet_1,1773958467.0,2026-03-19 22:14:27,BUY,Down,0.02,20.40815,"Ethereum Up or Down - March 19, 6:10PM-6:15PM ET"
wallet_1,1773958467.0,2026-03-19 22:14:27,BUY,Down,0.02,69.99328,"Bitcoin Up or Down - March 19, 6:10PM-6:15PM ET"
wallet_1,1773958467.0,2026-03-19 22:14:27,BUY,Down,0.02,20.40815,"Ethereum Up or Down - March 19, 6:10PM-6:15PM ET"
wallet_1,1773958495.0,2026-03-19 22:14:55,BUY,Down,0.03,25.0,"Ethereum Up or Down - March 19, 6:10PM-6:15PM ET"
wallet_1,1773958495.0,2026-03-19 22:14:55,BUY,Down,0.02,15.15305,"Ethereum Up or Down - March 19, 6:10PM-6:15PM ET"
wallet_1,1773958497.0,2026-03-19 22:14:57,BUY,Up,0.97,47.0,"Ethereum Up or Down - March 19, 6:10PM-6:15PM ET"
wallet_1,1773958497.0,2026-03-19 22:14:57,BUY,Up,0.97,3.0,"Ethereum Up or Down - March 19, 6:10PM-6:15PM ET"
wallet_1,1773958509.0,2026-03-19 22:15:09,BUY,Down,0.72,45.0,"Bitcoin Up or Down - March 19, 6:15PM-6:20PM ET"
wallet_1,1773958509.0,2026-03-19 22:15:09,BUY,Down,0.69,25.0,"Bitcoin Up or Down - March 19, 6:15PM-6:20PM ET"
wallet_1,1773958511.0,2026-03-19 22:15:11,BUY,Down,0.7100000404791694,16.551723,"Bitcoin Up or Down - March 19, 6:15PM-6:20PM ET"
wallet_1,1773958511.0,2026-03-19 22:15:11,BUY,Down,0.71,7.14,"Bitcoin Up or Down - March 19, 6:15PM-6:20PM ET"
wallet_1,1773958511.0,2026-03-19 22:15:11,BUY,Down,0.71,25.0,"Bitcoin Up or Down - March 19, 6:15PM-6:20PM ET"
wallet_1,1773958513.0,2026-03-19 22:15:13,BUY,Down,0.568402,49.24772,"Ethereum Up or Down - March 19, 6:15PM-6:20PM ET"
wallet_1,1773958517.0,2026-03-19 22:15:17,BUY,Down,0.61,70.0,"Bitcoin Up or Down - March 19, 6:15PM-6:20PM ET"
wallet_1,1773958517.0,2026-03-19 22:15:17,BUY,Down,0.62,70.0,"Bitcoin Up or Down - March 19, 6:15PM-6:20PM ET"
wallet_1,1773958521.0,2026-03-19 22:15:21,BUY,Down,0.57,70.0,"Bitcoin Up or Down - March 19, 6:15PM-6:20PM ET"
wallet_1,1773958527.0,2026-03-19 22:15:27,BUY,Up,0.49,14.70675,"Bitcoin Up or Down - March 19, 6:15PM-6:20PM ET"
wallet_1,1773958535.0,2026-03-19 22:15:35,BUY,Up,0.52,10.0,"Bitcoin Up or Down - March 19, 6:15PM-6:20PM ET"
wallet_1,1773958545.0,2026-03-19 22:15:45,BUY,Up,0.65,50.0,"Ethereum Up or Down - March 19, 6:15PM-6:20PM ET"
wallet_1,1773958547.0,2026-03-19 22:15:47,BUY,Down,0.33,40.2915,"Ethereum Up or Down - March 19, 6:15PM-6:20PM ET"
wallet_1,1773958547.0,2026-03-19 22:15:47,BUY,Down,0.35,49.35305,"Ethereum Up or Down - March 19, 6:15PM-6:20PM ET"
wallet_1,1773958567.0,2026-03-19 22:16:07,BUY,Down,0.67,6.0,"Bitcoin Up or Down - March 19, 6:15PM-6:20PM ET"
wallet_1,1773958567.0,2026-03-19 22:16:07,BUY,Down,0.67,6.0,"Bitcoin Up or Down - March 19, 6:15PM-6:20PM ET"
wallet_1,1773958567.0,2026-03-19 22:16:07,BUY,Down,0.67,16.97,"Bitcoin Up or Down - March 19, 6:15PM-6:20PM ET"
wallet_1,1773958567.0,2026-03-19 22:16:07,BUY,Down,0.6700000505923444,8.696968,"Bitcoin Up or Down - March 19, 6:15PM-6:20PM ET"
wallet_1,1773958567.0,2026-03-19 22:16:07,BUY,Down,0.67,8.57,"Bitcoin Up or Down - March 19, 6:15PM-6:20PM ET"
wallet_1,1773958595.0,2026-03-19 22:16:35,BUY,Up,0.46000000516096223,11.625739,"Ethereum Up or Down - March 19, 6:15PM-6:20PM ET"
wallet_1,1773958619.0,2026-03-19 22:16:59,BUY,Up,0.18,6.71324,"Bitcoin Up or Down - March 19, 6:15PM-6:20PM ET"
wallet_1,1773958619.0,2026-03-19 22:16:59,BUY,Up,0.43,9.84982,"Ethereum Up or Down - March 19, 6:15PM-6:20PM ET"
wallet_1,1773958625.0,2026-03-19 22:17:05,BUY,Up,0.11000000190749726,41.939772,"Bitcoin Up or Down - March 19, 6:15PM-6:20PM ET"
wallet_1,1773958627.0,2026-03-19 22:17:07,BUY,Up,0.11000000177962047,16.857527,"Bitcoin Up or Down - March 19, 6:15PM-6:20PM ET"
wallet_1,1773958627.0,2026-03-19 22:17:07,BUY,Up,0.11,11.2,"Bitcoin Up or Down - March 19, 6:15PM-6:20PM ET"
wallet_1,1773958631.0,2026-03-19 22:17:11,BUY,Up,0.11,46.98,"Bitcoin Up or Down - March 19, 6:15PM-6:20PM ET"
wallet_1,1773958631.0,2026-03-19 22:17:11,BUY,Up,0.11,5.1,"Bitcoin Up or Down - March 19, 6:15PM-6:20PM ET"
wallet_1,1773958631.0,2026-03-19 22:17:11,BUY,Up,0.11,3.16,"Bitcoin Up or Down - March 19, 6:15PM-6:20PM ET"
wallet_1,1773958631.0,2026-03-19 22:17:11,BUY,Up,0.11,2.0,"Bitcoin Up or Down - March 19, 6:15PM-6:20PM ET"
wallet_1,1773958631.0,2026-03-19 22:17:11,BUY,Up,0.11000001424001402,5.617972,"Bitcoin Up or Down - March 19, 6:15PM-6:20PM ET"
wallet_1,1773958631.0,2026-03-19 22:17:11,BUY,Up,0.11000000420472704,7.134827,"Bitcoin Up or Down - March 19, 6:15PM-6:20PM ET"
wallet_1,1773958631.0,2026-03-19 22:17:11,BUY,Up,0.11,23.9425,"Ethereum Up or Down - March 19, 6:15PM-6:20PM ET"
wallet_1,1773958633.0,2026-03-19 22:17:13,BUY,Up,0.1,70.0,"Bitcoin Up or Down - March 19, 6:15PM-6:20PM ET"
wallet_1,1773958637.0,2026-03-19 22:17:17,BUY,Up,0.12,11.328339999999999,"Ethereum Up or Down - March 19, 6:15PM-6:20PM ET"
wallet_1,1773958641.0,2026-03-19 22:17:21,BUY,Up,0.1200000072057362,11.102266,"Bitcoin Up or Down - March 19, 6:15PM-6:20PM ET"
wallet_1,1773958641.0,2026-03-19 22:17:21,BUY,Down,0.86,50.0,"Ethereum Up or Down - March 19, 6:15PM-6:20PM ET"
wallet_1,1773958641.0,2026-03-19 22:17:21,BUY,Up,0.12000000117333337,34.090908,"Bitcoin Up or Down - March 19, 6:15PM-6:20PM ET"
wallet_1,1773958641.0,2026-03-19 22:17:21,BUY,Up,0.12000001530436752,5.227266,"Bitcoin Up or Down - March 19, 6:15PM-6:20PM ET"
wallet_1,1773958641.0,2026-03-19 22:17:21,BUY,Up,0.12,5.08,"Bitcoin Up or Down - March 19, 6:15PM-6:20PM ET"
wallet_1,1773958645.0,2026-03-19 22:17:25,BUY,Up,0.12,14.48,"Bitcoin Up or Down - March 19, 6:15PM-6:20PM ET"
wallet_1,1773958651.0,2026-03-19 22:17:31,BUY,Up,0.11,9.85,"Bitcoin Up or Down - March 19, 6:15PM-6:20PM ET"
wallet_1,1773958651.0,2026-03-19 22:17:31,BUY,Up,0.11,60.15,"Bitcoin Up or Down - March 19, 6:15PM-6:20PM ET"
wallet_1,1773958653.0,2026-03-19 22:17:33,BUY,Up,0.11,70.0,"Bitcoin Up or Down - March 19, 6:15PM-6:20PM ET"
wallet_1,1773958653.0,2026-03-19 22:17:33,BUY,Up,0.1,7.95,"Bitcoin Up or Down - March 19, 6:15PM-6:20PM ET"
wallet_1,1773958655.0,2026-03-19 22:17:35,BUY,Up,0.09,60.11,"Bitcoin Up or Down - March 19, 6:15PM-6:20PM ET"
wallet_1,1773958657.0,2026-03-19 22:17:37,BUY,Up,0.08,70.0,"Bitcoin Up or Down - March 19, 6:15PM-6:20PM ET"
wallet_1,1773958661.0,2026-03-19 22:17:41,BUY,Up,0.08,23.09,"Bitcoin Up or Down - March 19, 6:15PM-6:20PM ET"
wallet_1,1773958667.0,2026-03-19 22:17:47,BUY,Up,0.07000001777071162,1.688171,"Bitcoin Up or Down - March 19, 6:15PM-6:20PM ET"
wallet_1,1773958667.0,2026-03-19 22:17:47,BUY,Up,0.07000001116000433,5.376342,"Bitcoin Up or Down - March 19, 6:15PM-6:20PM ET"
wallet_1,1773958667.0,2026-03-19 22:17:47,BUY,Up,0.07,10.0,"Bitcoin Up or Down - March 19, 6:15PM-6:20PM ET"
wallet_1,1773958667.0,2026-03-19 22:17:47,BUY,Up,0.07,10.0,"Bitcoin Up or Down - March 19, 6:15PM-6:20PM ET"
wallet_1,1773958669.0,2026-03-19 22:17:49,BUY,Up,0.07,38.13,"Bitcoin Up or Down - March 19, 6:15PM-6:20PM ET"
wallet_1,1773958669.0,2026-03-19 22:17:49,BUY,Down,0.89,2.13,"Bitcoin Up or Down - March 19, 6:15PM-6:20PM ET"
wallet_1,1773958671.0,2026-03-19 22:17:51,BUY,Down,0.8900000125251175,67.863635,"Bitcoin Up or Down - March 19, 6:15PM-6:20PM ET"
wallet_1,1773958679.0,2026-03-19 22:17:59,BUY,Down,0.88,70.0,"Bitcoin Up or Down - March 19, 6:15PM-6:20PM ET"
wallet_1,1773958687.0,2026-03-19 22:18:07,BUY,Down,0.8700000200264608,42.443845,"Bitcoin Up or Down - March 19, 6:15PM-6:20PM ET"
wallet_1,1773958691.0,2026-03-19 22:18:11,BUY,Up,0.09,70.0,"Bitcoin Up or Down - March 19, 6:15PM-6:20PM ET"
wallet_1,1773958695.0,2026-03-19 22:18:15,BUY,Up,0.08,70.0,"Bitcoin Up or Down - March 19, 6:15PM-6:20PM ET"
wallet_1,1773958695.0,2026-03-19 22:18:15,BUY,Down,0.89,70.0,"Bitcoin Up or Down - March 19, 6:15PM-6:20PM ET"
wallet_1,1773958703.0,2026-03-19 22:18:23,BUY,Down,0.89,70.0,"Bitcoin Up or Down - March 19, 6:15PM-6:20PM ET"
wallet_1,1773958707.0,2026-03-19 22:18:27,BUY,Up,0.07,70.0,"Bitcoin Up or Down - March 19, 6:15PM-6:20PM ET"
wallet_1,1773958707.0,2026-03-19 22:18:27,BUY,Up,0.08,70.0,"Bitcoin Up or Down - March 19, 6:15PM-6:20PM ET"
wallet_1,1773958711.0,2026-03-19 22:18:31,BUY,Down,0.9,69.85825,"Bitcoin Up or Down - March 19, 6:15PM-6:20PM ET"
wallet_1,1773958711.0,2026-03-19 22:18:31,BUY,Down,0.88,70.0,"Bitcoin Up or Down - March 19, 6:15PM-6:20PM ET"
wallet_1,1773958711.0,2026-03-19 22:18:31,BUY,Down,0.89,70.0,"Bitcoin Up or Down - March 19, 6:15PM-6:20PM ET"
wallet_1,1773958711.0,2026-03-19 22:18:31,BUY,Down,0.9,70.0,"Bitcoin Up or Down - March 19, 6:15PM-6:20PM ET"
wallet_1,1773958713.0,2026-03-19 22:18:33,BUY,Down,0.8900000258600183,30.549089,"Bitcoin Up or Down - March 19, 6:15PM-6:20PM ET"
wallet_1,1773958715.0,2026-03-19 22:18:35,BUY,Down,0.89,3.33,"Bitcoin Up or Down - March 19, 6:15PM-6:20PM ET"
wallet_1,1773958717.0,2026-03-19 22:18:37,BUY,Down,0.89,5.0,"Bitcoin Up or Down - March 19, 6:15PM-6:20PM ET"
wallet_1,1773958721.0,2026-03-19 22:18:41,BUY,Up,0.09,9.47,"Bitcoin Up or Down - March 19, 6:15PM-6:20PM ET"
wallet_1,1773958721.0,2026-03-19 22:18:41,BUY,Up,0.09,25.1,"Bitcoin Up or Down - March 19, 6:15PM-6:20PM ET"
wallet_1,1773958721.0,2026-03-19 22:18:41,BUY,Up,0.08,25.40565,"Bitcoin Up or Down - March 19, 6:15PM-6:20PM ET"
wallet_1,1773958721.0,2026-03-19 22:18:41,BUY,Up,0.08,44.59,"Bitcoin Up or Down - March 19, 6:15PM-6:20PM ET"
wallet_1,1773958723.0,2026-03-19 22:18:43,BUY,Up,0.05,50.0,"Ethereum Up or Down - March 19, 6:15PM-6:20PM ET"
wallet_1,1773958729.0,2026-03-19 22:18:49,BUY,Down,0.9,6.89,"Bitcoin Up or Down - March 19, 6:15PM-6:20PM ET"
wallet_1,1773958733.0,2026-03-19 22:18:53,BUY,Down,0.86,15.64,"Ethereum Up or Down - March 19, 6:15PM-6:20PM ET"
wallet_1,1773958733.0,2026-03-19 22:18:53,BUY,Down,0.86,5.0,"Ethereum Up or Down - March 19, 6:15PM-6:20PM ET"
wallet_1,1773958733.0,2026-03-19 22:18:53,BUY,Down,0.86,20.0,"Ethereum Up or Down - March 19, 6:15PM-6:20PM ET"
wallet_1,1773958733.0,2026-03-19 22:18:53,BUY,Down,0.8600000790839851,9.357141,"Ethereum Up or Down - March 19, 6:15PM-6:20PM ET"
wallet_1,1773958735.0,2026-03-19 22:18:55,BUY,Up,0.08,5.434775,"Bitcoin Up or Down - March 19, 6:15PM-6:20PM ET"
wallet_1,1773958735.0,2026-03-19 22:18:55,BUY,Up,0.08,16.739125,"Bitcoin Up or Down - March 19, 6:15PM-6:20PM ET"
wallet_1,1773958743.0,2026-03-19 22:19:03,BUY,Up,0.07,21.06,"Bitcoin Up or Down - March 19, 6:15PM-6:20PM ET"
wallet_1,1773958745.0,2026-03-19 22:19:05,BUY,Up,0.06,6.0,"Bitcoin Up or Down - March 19, 6:15PM-6:20PM ET"
wallet_1,1773958747.0,2026-03-19 22:19:07,BUY,Up,0.06,62.93,"Bitcoin Up or Down - March 19, 6:15PM-6:20PM ET"
wallet_1,1773958747.0,2026-03-19 22:19:07,BUY,Up,0.060000037600487305,1.063816,"Bitcoin Up or Down - March 19, 6:15PM-6:20PM ET"
wallet_1,1773958759.0,2026-03-19 22:19:19,BUY,Up,0.04,41.66665,"Bitcoin Up or Down - March 19, 6:15PM-6:20PM ET"
wallet_1,1773958759.0,2026-03-19 22:19:19,BUY,Up,0.04,10.0,"Bitcoin Up or Down - March 19, 6:15PM-6:20PM ET"
wallet_1,1773958763.0,2026-03-19 22:19:23,BUY,Up,0.20344,49.67174,"Ethereum Up or Down - March 19, 6:15PM-6:20PM ET"
wallet_1,1773958765.0,2026-03-19 22:19:25,BUY,Up,0.32000001224431196,16.334115,"Ethereum Up or Down - March 19, 6:15PM-6:20PM ET"
wallet_1,1773958767.0,2026-03-19 22:19:27,BUY,Up,0.4,2.4344400000000004,"Ethereum Up or Down - March 19, 6:15PM-6:20PM ET"
wallet_1,1773958767.0,2026-03-19 22:19:27,BUY,Down,0.6,50.0,"Ethereum Up or Down - March 19, 6:15PM-6:20PM ET"
wallet_1,1773958767.0,2026-03-19 22:19:27,BUY,Down,0.93,70.0,"Bitcoin Up or Down - March 19, 6:15PM-6:20PM ET"
wallet_1,1773958771.0,2026-03-19 22:19:31,BUY,Up,0.42,50.0,"Ethereum Up or Down - March 19, 6:15PM-6:20PM ET"
wallet_1,1773958773.0,2026-03-19 22:19:33,BUY,Up,0.46504159314343335,39.05621,"Ethereum Up or Down - March 19, 6:15PM-6:20PM ET"
wallet_1,1773958773.0,2026-03-19 22:19:33,BUY,Up,0.5100000902632205,2.326529,"Ethereum Up or Down - March 19, 6:15PM-6:20PM ET"
wallet_1,1773958773.0,2026-03-19 22:19:33,BUY,Up,0.51,10.1392,"Ethereum Up or Down - March 19, 6:15PM-6:20PM ET"
wallet_1,1773958773.0,2026-03-19 22:19:33,BUY,Up,0.5100000078525665,6.367345,"Ethereum Up or Down - March 19, 6:15PM-6:20PM ET"
wallet_1,1773958777.0,2026-03-19 22:19:37,BUY,Up,0.53,6.87173,"Ethereum Up or Down - March 19, 6:15PM-6:20PM ET"
wallet_1,1773958781.0,2026-03-19 22:19:41,BUY,Up,0.66,10.0716,"Ethereum Up or Down - March 19, 6:15PM-6:20PM ET"
wallet_1,1773958781.0,2026-03-19 22:19:41,BUY,Up,0.79,2.7807399999999998,"Ethereum Up or Down - March 19, 6:15PM-6:20PM ET"
wallet_1,1773958781.0,2026-03-19 22:19:41,BUY,Up,0.68,4.94082,"Ethereum Up or Down - March 19, 6:15PM-6:20PM ET"
wallet_1,1773958783.0,2026-03-19 22:19:43,BUY,Up,0.1,69.85825,"Bitcoin Up or Down - March 19, 6:15PM-6:20PM ET"
wallet_1,1773958783.0,2026-03-19 22:19:43,BUY,Down,0.9100000207151276,41.515554,"Bitcoin Up or Down - March 19, 6:15PM-6:20PM ET"
wallet_1,1773958783.0,2026-03-19 22:19:43,BUY,Up,0.060000003760011265,5.319133,"Bitcoin Up or Down - March 19, 6:15PM-6:20PM ET"
wallet_1,1773958783.0,2026-03-19 22:19:43,BUY,Down,0.91,10.12,"Bitcoin Up or Down - March 19, 6:15PM-6:20PM ET"
wallet_1,1773958783.0,2026-03-19 22:19:43,BUY,Up,0.9,10.5,"Ethereum Up or Down - March 19, 6:15PM-6:20PM ET"
wallet_1,1773958783.0,2026-03-19 22:19:43,BUY,Up,0.9,10.5,"Ethereum Up or Down - March 19, 6:15PM-6:20PM ET"
wallet_1,1773958783.0,2026-03-19 22:19:43,BUY,Down,0.91,8.08,"Bitcoin Up or Down - March 19, 6:15PM-6:20PM ET"
wallet_1,1773958783.0,2026-03-19 22:19:43,BUY,Down,0.91,10.28,"Bitcoin Up or Down - March 19, 6:15PM-6:20PM ET"
wallet_1,1773958785.0,2026-03-19 22:19:45,BUY,Up,0.09,70.0,"Bitcoin Up or Down - March 19, 6:15PM-6:20PM ET"
wallet_1,1773958787.0,2026-03-19 22:19:47,BUY,Up,0.95,0.72959,"Ethereum Up or Down - March 19, 6:15PM-6:20PM ET"
wallet_1,1773958787.0,2026-03-19 22:19:47,BUY,Up,0.1,69.85825,"Bitcoin Up or Down - March 19, 6:15PM-6:20PM ET"
wallet_1,1773958789.0,2026-03-19 22:19:49,BUY,Up,0.97,10.0,"Ethereum Up or Down - March 19, 6:15PM-6:20PM ET"
wallet_1,1773958789.0,2026-03-19 22:19:49,BUY,Up,0.12000000352000104,11.363633,"Bitcoin Up or Down - March 19, 6:15PM-6:20PM ET"
wallet_1,1773958791.0,2026-03-19 22:19:51,BUY,Up,0.39,12.09,"Bitcoin Up or Down - March 19, 6:15PM-6:20PM ET"
wallet_1,1773958791.0,2026-03-19 22:19:51,BUY,Up,0.39,5.0,"Bitcoin Up or Down - March 19, 6:15PM-6:20PM ET"
wallet_1,1773958795.0,2026-03-19 22:19:55,BUY,Down,0.42,2.96,"Bitcoin Up or Down - March 19, 6:15PM-6:20PM ET"
wallet_1,1773958795.0,2026-03-19 22:19:55,BUY,Down,0.39,2.96,"Bitcoin Up or Down - March 19, 6:15PM-6:20PM ET"
wallet_1,1773958795.0,2026-03-19 22:19:55,BUY,Down,0.42,2.96,"Bitcoin Up or Down - March 19, 6:15PM-6:20PM ET"
wallet_1,1773958795.0,2026-03-19 22:19:55,BUY,Down,0.39,2.92,"Bitcoin Up or Down - March 19, 6:15PM-6:20PM ET"
wallet_1,1773958795.0,2026-03-19 22:19:55,BUY,Down,0.42,2.92,"Bitcoin Up or Down - March 19, 6:15PM-6:20PM ET"
wallet_1,1773958795.0,2026-03-19 22:19:55,BUY,Down,0.43,2.96,"Bitcoin Up or Down - March 19, 6:15PM-6:20PM ET"
wallet_1,1773958795.0,2026-03-19 22:19:55,BUY,Down,0.43,5.0,"Bitcoin Up or Down - March 19, 6:15PM-6:20PM ET"
wallet_1,1773958795.0,2026-03-19 22:19:55,BUY,Down,0.44,2.96,"Bitcoin Up or Down - March 19, 6:15PM-6:20PM ET"
wallet_1,1773958795.0,2026-03-19 22:19:55,BUY,Down,0.44,2.96,"Bitcoin Up or Down - March 19, 6:15PM-6:20PM ET"
wallet_1,1773958795.0,2026-03-19 22:19:55,BUY,Down,0.43,2.92,"Bitcoin Up or Down - March 19, 6:15PM-6:20PM ET"
wallet_1,1773958795.0,2026-03-19 22:19:55,BUY,Down,0.43,2.92,"Bitcoin Up or Down - March 19, 6:15PM-6:20PM ET"
wallet_1,1773958795.0,2026-03-19 22:19:55,BUY,Down,0.42,2.92,"Bitcoin Up or Down - March 19, 6:15PM-6:20PM ET"
wallet_1,1773958795.0,2026-03-19 22:19:55,BUY,Down,0.42,0.77,"Bitcoin Up or Down - March 19, 6:15PM-6:20PM ET"
wallet_1,1773958795.0,2026-03-19 22:19:55,BUY,Down,0.42,2.96,"Bitcoin Up or Down - March 19, 6:15PM-6:20PM ET"
wallet_1,1773958795.0,2026-03-19 22:19:55,BUY,Down,0.42,2.96,"Bitcoin Up or Down - March 19, 6:15PM-6:20PM ET"
wallet_1,1773958795.0,2026-03-19 22:19:55,BUY,Down,0.42,48.63,"Bitcoin Up or Down - March 19, 6:15PM-6:20PM ET"
wallet_1,1773958795.0,2026-03-19 22:19:55,BUY,Down,0.41,2.96,"Bitcoin Up or Down - March 19, 6:15PM-6:20PM ET"
wallet_1,1773958795.0,2026-03-19 22:19:55,BUY,Down,0.41,2.92,"Bitcoin Up or Down - March 19, 6:15PM-6:20PM ET"
wallet_1,1773958795.0,2026-03-19 22:19:55,BUY,Down,0.41000003701195115,6.754575,"Bitcoin Up or Down - March 19, 6:15PM-6:20PM ET"
wallet_1,1773958795.0,2026-03-19 22:19:55,BUY,Down,0.41,1.86,"Bitcoin Up or Down - March 19, 6:15PM-6:20PM ET"
wallet_1,1773958795.0,2026-03-19 22:19:55,BUY,Up,0.56,55.86,"Bitcoin Up or Down - March 19, 6:15PM-6:20PM ET"
wallet_1,1773958795.0,2026-03-19 22:19:55,BUY,Down,0.44,2.96,"Bitcoin Up or Down - March 19, 6:15PM-6:20PM ET"
wallet_1,1773958795.0,2026-03-19 22:19:55,BUY,Up,0.56,68.93753,"Bitcoin Up or Down - March 19, 6:15PM-6:20PM ET"
wallet_1,1773958795.0,2026-03-19 22:19:55,BUY,Down,0.44,2.96,"Bitcoin Up or Down - March 19, 6:15PM-6:20PM ET"
wallet_1,1773958795.0,2026-03-19 22:19:55,BUY,Down,0.4400000746667065,5.35714,"Bitcoin Up or Down - March 19, 6:15PM-6:20PM ET"
wallet_1,1773958795.0,2026-03-19 22:19:55,BUY,Down,0.43,2.96,"Bitcoin Up or Down - March 19, 6:15PM-6:20PM ET"
wallet_1,1773958795.0,2026-03-19 22:19:55,BUY,Down,0.43,2.96,"Bitcoin Up or Down - March 19, 6:15PM-6:20PM ET"
wallet_1,1773958795.0,2026-03-19 22:19:55,BUY,Down,0.43,2.92,"Bitcoin Up or Down - March 19, 6:15PM-6:20PM ET"
wallet_1,1773958795.0,2026-03-19 22:19:55,BUY,Down,0.43,2.92,"Bitcoin Up or Down - March 19, 6:15PM-6:20PM ET"
wallet_1,1773958795.0,2026-03-19 22:19:55,BUY,Down,0.4300001767002986,1.754383,"Bitcoin Up or Down - March 19, 6:15PM-6:20PM ET"
wallet_1,1773958795.0,2026-03-19 22:19:55,BUY,Down,0.43,2.92,"Bitcoin Up or Down - March 19, 6:15PM-6:20PM ET"
wallet_1,1773958795.0,2026-03-19 22:19:55,BUY,Up,0.6,6.682370000000001,"Bitcoin Up or Down - March 19, 6:15PM-6:20PM ET"
wallet_1,1773958797.0,2026-03-19 22:19:57,BUY,Up,0.54,70.0,"Bitcoin Up or Down - March 19, 6:15PM-6:20PM ET"
wallet_1,1773958797.0,2026-03-19 22:19:57,BUY,Down,0.44,5.0,"Bitcoin Up or Down - March 19, 6:15PM-6:20PM ET"
wallet_1,1773958797.0,2026-03-19 22:19:57,BUY,Up,0.57,68.94871,"Bitcoin Up or Down - March 19, 6:15PM-6:20PM ET"
wallet_1,1773958797.0,2026-03-19 22:19:57,BUY,Down,0.43,2.44,"Bitcoin Up or Down - March 19, 6:15PM-6:20PM ET"
wallet_1,1773958797.0,2026-03-19 22:19:57,BUY,Up,0.41,17.95,"Bitcoin Up or Down - March 19, 6:15PM-6:20PM ET"
wallet_1,1773958797.0,2026-03-19 22:19:57,BUY,Down,0.43,2.96,"Bitcoin Up or Down - March 19, 6:15PM-6:20PM ET"
wallet_1,1773958797.0,2026-03-19 22:19:57,BUY,Down,0.4,2.96,"Bitcoin Up or Down - March 19, 6:15PM-6:20PM ET"
wallet_1,1773958797.0,2026-03-19 22:19:57,BUY,Up,0.19000001241062797,12.086415,"Bitcoin Up or Down - March 19, 6:15PM-6:20PM ET"
wallet_1,1773958797.0,2026-03-19 22:19:57,BUY,Down,0.43,20.1,"Bitcoin Up or Down - March 19, 6:15PM-6:20PM ET"
wallet_1,1773958797.0,2026-03-19 22:19:57,BUY,Down,0.43,5.42,"Bitcoin Up or Down - March 19, 6:15PM-6:20PM ET"
wallet_1,1773958797.0,2026-03-19 22:19:57,BUY,Down,0.510000009569024,30.306121,"Bitcoin Up or Down - March 19, 6:15PM-6:20PM ET"
wallet_1,1773958797.0,2026-03-19 22:19:57,BUY,Down,0.5100000090740753,13.224488,"Bitcoin Up or Down - March 19, 6:15PM-6:20PM ET"
wallet_1,1773958799.0,2026-03-19 22:19:59,BUY,Up,0.39,3.28,"Bitcoin Up or Down - March 19, 6:15PM-6:20PM ET"
wallet_1,1773958799.0,2026-03-19 22:19:59,BUY,Down,0.44,2.96,"Bitcoin Up or Down - March 19, 6:15PM-6:20PM ET"
wallet_1,1773958799.0,2026-03-19 22:19:59,BUY,Up,0.39,1.79,"Bitcoin Up or Down - March 19, 6:15PM-6:20PM ET"
wallet_1,1773958799.0,2026-03-19 22:19:59,BUY,Down,0.41,4.31,"Bitcoin Up or Down - March 19, 6:15PM-6:20PM ET"
wallet_1,1773958799.0,2026-03-19 22:19:59,BUY,Down,0.43,2.96,"Bitcoin Up or Down - March 19, 6:15PM-6:20PM ET"
wallet_1,1773958799.0,2026-03-19 22:19:59,BUY,Down,0.510000021120707,2.367345,"Bitcoin Up or Down - March 19, 6:15PM-6:20PM ET"
wallet_1,1773958801.0,2026-03-19 22:20:01,BUY,Down,0.43,2.96,"Bitcoin Up or Down - March 19, 6:15PM-6:20PM ET"
wallet_1,1773958801.0,2026-03-19 22:20:01,BUY,Down,0.41,10.47,"Bitcoin Up or Down - March 19, 6:15PM-6:20PM ET"
wallet_1,1773958801.0,2026-03-19 22:20:01,BUY,Down,0.42,2.92,"Bitcoin Up or Down - March 19, 6:15PM-6:20PM ET"
wallet_1,1773958801.0,2026-03-19 22:20:01,BUY,Down,0.41,10.0,"Bitcoin Up or Down - March 19, 6:15PM-6:20PM ET"
wallet_1,1773958801.0,2026-03-19 22:20:01,BUY,Down,0.41,2.99,"Bitcoin Up or Down - March 19, 6:15PM-6:20PM ET"
wallet_1,1773958805.0,2026-03-19 22:20:05,BUY,Down,0.43,2.92,"Bitcoin Up or Down - March 19, 6:15PM-6:20PM ET"
wallet_1,1773958805.0,2026-03-19 22:20:05,BUY,Down,0.41000000288508576,27.728812,"Bitcoin Up or Down - March 19, 6:15PM-6:20PM ET"
wallet_1,1773958807.0,2026-03-19 22:20:07,BUY,Down,0.44,21.87,"Bitcoin Up or Down - March 19, 6:15PM-6:20PM ET"
wallet_1,1773958809.0,2026-03-19 22:20:09,BUY,Down,0.49,28.48,"Bitcoin Up or Down - March 19, 6:20PM-6:25PM ET"
wallet_1,1773958809.0,2026-03-19 22:20:09,BUY,Down,0.49,40.871770000000005,"Bitcoin Up or Down - March 19, 6:20PM-6:25PM ET"
wallet_1,1773958817.0,2026-03-19 22:20:17,BUY,Down,0.39,27.52496,"Ethereum Up or Down - March 19, 6:20PM-6:25PM ET"
wallet_1,1773958817.0,2026-03-19 22:20:17,BUY,Down,0.46,22.81259,"Bitcoin Up or Down - March 19, 6:20PM-6:25PM ET"
wallet_1,1773958817.0,2026-03-19 22:20:17,BUY,Down,0.46,5.0,"Bitcoin Up or Down - March 19, 6:20PM-6:25PM ET"
wallet_1,1773958825.0,2026-03-19 22:20:25,BUY,Up,0.58,10.0,"Ethereum Up or Down - March 19, 6:20PM-6:25PM ET"
wallet_1,1773958825.0,2026-03-19 22:20:25,BUY,Up,0.56,2.71811,"Ethereum Up or Down - March 19, 6:20PM-6:25PM ET"
wallet_1,1773958829.0,2026-03-19 22:20:29,BUY,Down,0.4,4.928,"Ethereum Up or Down - March 19, 6:20PM-6:25PM ET"
wallet_1,1773958831.0,2026-03-19 22:20:31,BUY,Down,0.58,5.75,"Ethereum Up or Down - March 19, 6:20PM-6:25PM ET"
wallet_1,1773958831.0,2026-03-19 22:20:31,BUY,Down,0.5900001316514547,2.658535,"Ethereum Up or Down - March 19, 6:20PM-6:25PM ET"
wallet_1,1773958831.0,2026-03-19 22:20:31,BUY,Down,0.5800001967568419,2.642856,"Ethereum Up or Down - March 19, 6:20PM-6:25PM ET"
wallet_1,1773958833.0,2026-03-19 22:20:33,BUY,Up,0.44,15.75715,"Ethereum Up or Down - March 19, 6:20PM-6:25PM ET"
wallet_1,1773958835.0,2026-03-19 22:20:35,BUY,Down,0.63,19.85,"Bitcoin Up or Down - March 19, 6:20PM-6:25PM ET"
wallet_1,1773958835.0,2026-03-19 22:20:35,BUY,Down,0.63,0.15,"Bitcoin Up or Down - March 19, 6:20PM-6:25PM ET"
wallet_1,1773958835.0,2026-03-19 22:20:35,BUY,Down,0.63,5.0,"Bitcoin Up or Down - March 19, 6:20PM-6:25PM ET"
wallet_1,1773958835.0,2026-03-19 22:20:35,BUY,Down,0.63,5.0,"Bitcoin Up or Down - March 19, 6:20PM-6:25PM ET"
wallet_1,1773958835.0,2026-03-19 22:20:35,BUY,Down,0.63,40.0,"Bitcoin Up or Down - March 19, 6:20PM-6:25PM ET"
wallet_1,1773958847.0,2026-03-19 22:20:47,BUY,Down,0.4700000621787984,6.754714,"Ethereum Up or Down - March 19, 6:20PM-6:25PM ET"
wallet_1,1773958847.0,2026-03-19 22:20:47,BUY,Down,0.47000001691489907,5.320753,"Ethereum Up or Down - March 19, 6:20PM-6:25PM ET"
wallet_1,1773958847.0,2026-03-19 22:20:47,BUY,Down,0.47,50.0,"Ethereum Up or Down - March 19, 6:20PM-6:25PM ET"
wallet_1,1773958847.0,2026-03-19 22:20:47,BUY,Up,0.51,22.44404,"Ethereum Up or Down - March 19, 6:20PM-6:25PM ET"
wallet_1,1773958847.0,2026-03-19 22:20:47,BUY,Up,0.5,21.67594,"Ethereum Up or Down - March 19, 6:20PM-6:25PM ET"
wallet_1,1773958847.0,2026-03-19 22:20:47,BUY,Up,0.3575141242937853,43.66634,"Bitcoin Up or Down - March 19, 6:20PM-6:25PM ET"
wallet_1,1773958847.0,2026-03-19 22:20:47,BUY,Up,0.37,5.0,"Bitcoin Up or Down - March 19, 6:20PM-6:25PM ET"
wallet_1,1773958847.0,2026-03-19 22:20:47,BUY,Up,0.37,15.78266,"Bitcoin Up or Down - March 19, 6:20PM-6:25PM ET"
wallet_1,1773958849.0,2026-03-19 22:20:49,BUY,Up,0.45,6.62,"Bitcoin Up or Down - March 19, 6:20PM-6:25PM ET"
wallet_1,1773958849.0,2026-03-19 22:20:49,BUY,Up,0.45,41.0,"Bitcoin Up or Down - March 19, 6:20PM-6:25PM ET"
wallet_1,1773958849.0,2026-03-19 22:20:49,BUY,Up,0.45,1.82,"Bitcoin Up or Down - March 19, 6:20PM-6:25PM ET"
wallet_1,1773958849.0,2026-03-19 22:20:49,BUY,Up,0.45000004296876345,4.654544,"Bitcoin Up or Down - March 19, 6:20PM-6:25PM ET"
wallet_1,1773958849.0,2026-03-19 22:20:49,BUY,Up,0.4500001294118104,3.090908,"Bitcoin Up or Down - March 19, 6:20PM-6:25PM ET"
wallet_1,1773958849.0,2026-03-19 22:20:49,BUY,Up,0.45,8.0,"Bitcoin Up or Down - March 19, 6:20PM-6:25PM ET"
wallet_1,1773958849.0,2026-03-19 22:20:49,BUY,Up,0.45,4.8,"Bitcoin Up or Down - March 19, 6:20PM-6:25PM ET"
wallet_1,1773958849.0,2026-03-19 22:20:49,BUY,Down,0.47000005105505266,8.226414,"Ethereum Up or Down - March 19, 6:20PM-6:25PM ET"
wallet_1,1773958849.0,2026-03-19 22:20:49,BUY,Down,0.47000004946667856,5.660376,"Ethereum Up or Down - March 19, 6:20PM-6:25PM ET"
wallet_1,1773958865.0,2026-03-19 22:21:05,BUY,Down,0.58,0.35466,"Bitcoin Up or Down - March 19, 6:20PM-6:25PM ET"
wallet_1,1773958867.0,2026-03-19 22:21:07,BUY,Down,0.610000006915637,47.717947,"Bitcoin Up or Down - March 19, 6:20PM-6:25PM ET"
wallet_1,1773958873.0,2026-03-19 22:21:13,BUY,Down,0.64,69.07103,"Bitcoin Up or Down - March 19, 6:20PM-6:25PM ET"
wallet_1,1773958879.0,2026-03-19 22:21:19,BUY,Down,0.71,5.17457,"Ethereum Up or Down - March 19, 6:20PM-6:25PM ET"
wallet_1,1773958879.0,2026-03-19 22:21:19,BUY,Down,0.5800000733981167,2.452379,"Ethereum Up or Down - March 19, 6:20PM-6:25PM ET"
wallet_1,1773958897.0,2026-03-19 22:21:37,BUY,Up,0.23,48.61579,"Ethereum Up or Down - March 19, 6:20PM-6:25PM ET"
wallet_1,1773958897.0,2026-03-19 22:21:37,BUY,Up,0.22,10.0,"Ethereum Up or Down - March 19, 6:20PM-6:25PM ET"
wallet_1,1773958897.0,2026-03-19 22:21:37,BUY,Up,0.22,4.9632,"Ethereum Up or Down - March 19, 6:20PM-6:25PM ET"
wallet_1,1773958897.0,2026-03-19 22:21:37,BUY,Up,0.21,11.08,"Ethereum Up or Down - March 19, 6:20PM-6:25PM ET"
wallet_1,1773958901.0,2026-03-19 22:21:41,BUY,Up,0.31,19.56364,"Ethereum Up or Down - March 19, 6:20PM-6:25PM ET"
wallet_1,1773958929.0,2026-03-19 22:22:09,BUY,Up,0.19,28.09,"Bitcoin Up or Down - March 19, 6:20PM-6:25PM ET"
wallet_1,1773958929.0,2026-03-19 22:22:09,BUY,Up,0.19,41.91,"Bitcoin Up or Down - March 19, 6:20PM-6:25PM ET"
wallet_1,1773958931.0,2026-03-19 22:22:11,BUY,Up,0.11,9.13806,"Ethereum Up or Down - March 19, 6:20PM-6:25PM ET"
wallet_1,1773958931.0,2026-03-19 22:22:11,BUY,Up,0.17,69.65159,"Bitcoin Up or Down - March 19, 6:20PM-6:25PM ET"
wallet_1,1773958931.0,2026-03-19 22:22:11,BUY,Up,0.15,56.499449999999996,"Bitcoin Up or Down - March 19, 6:20PM-6:25PM ET"
wallet_1,1773958931.0,2026-03-19 22:22:11,BUY,Up,0.16,32.85098,"Bitcoin Up or Down - March 19, 6:20PM-6:25PM ET"
wallet_1,1773958931.0,2026-03-19 22:22:11,BUY,Down,0.89,15.0,"Ethereum Up or Down - March 19, 6:20PM-6:25PM ET"
wallet_1,1773958931.0,2026-03-19 22:22:11,BUY,Down,0.89,8.84,"Ethereum Up or Down - March 19, 6:20PM-6:25PM ET"
wallet_1,1773958931.0,2026-03-19 22:22:11,BUY,Up,0.16000000336000167,11.904756,"Bitcoin Up or Down - March 19, 6:20PM-6:25PM ET"
wallet_1,1773958933.0,2026-03-19 22:22:13,BUY,Down,0.8200000720000072,11.11111,"Bitcoin Up or Down - March 19, 6:20PM-6:25PM ET"
wallet_1,1773958933.0,2026-03-19 22:22:13,BUY,Down,0.8200000129600004,55.555554,"Bitcoin Up or Down - March 19, 6:20PM-6:25PM ET"
wallet_1,1773958933.0,2026-03-19 22:22:13,BUY,Down,0.82,3.32,"Bitcoin Up or Down - March 19, 6:20PM-6:25PM ET"
wallet_1,1773958939.0,2026-03-19 22:22:19,BUY,Up,0.15,5.1,"Bitcoin Up or Down - March 19, 6:20PM-6:25PM ET"
wallet_1,1773958939.0,2026-03-19 22:22:19,BUY,Up,0.15,2.35294,"Bitcoin Up or Down - March 19, 6:20PM-6:25PM ET"
wallet_1,1773958939.0,2026-03-19 22:22:19,BUY,Up,0.1500000850003315,1.176466,"Bitcoin Up or Down - March 19, 6:20PM-6:25PM ET"
wallet_1,1773958939.0,2026-03-19 22:22:19,BUY,Up,0.15,2.39882,"Bitcoin Up or Down - March 19, 6:20PM-6:25PM ET"
wallet_1,1773958941.0,2026-03-19 22:22:21,BUY,Up,0.15,2.23,"Bitcoin Up or Down - March 19, 6:20PM-6:25PM ET"
wallet_1,1773958947.0,2026-03-19 22:22:27,BUY,Up,0.14,52.0,"Bitcoin Up or Down - March 19, 6:20PM-6:25PM ET"
wallet_1,1773958947.0,2026-03-19 22:22:27,BUY,Up,0.14,18.0,"Bitcoin Up or Down - March 19, 6:20PM-6:25PM ET"
wallet_1,1773958953.0,2026-03-19 22:22:33,BUY,Up,0.16,35.93698,"Bitcoin Up or Down - March 19, 6:20PM-6:25PM ET"
wallet_1,1773958955.0,2026-03-19 22:22:35,BUY,Down,0.8,45.25,"Bitcoin Up or Down - March 19, 6:20PM-6:25PM ET"
wallet_1,1773958955.0,2026-03-19 22:22:35,BUY,Down,0.8,24.75,"Bitcoin Up or Down - March 19, 6:20PM-6:25PM ET"
wallet_1,1773958961.0,2026-03-19 22:22:41,BUY,Down,0.81,70.0,"Bitcoin Up or Down - March 19, 6:20PM-6:25PM ET"
wallet_1,1773958961.0,2026-03-19 22:22:41,BUY,Down,0.89,50.0,"Ethereum Up or Down - March 19, 6:20PM-6:25PM ET"
wallet_1,1773958965.0,2026-03-19 22:22:45,BUY,Down,0.81,70.0,"Bitcoin Up or Down - March 19, 6:20PM-6:25PM ET"
wallet_1,1773958965.0,2026-03-19 22:22:45,BUY,Down,0.89,50.0,"Ethereum Up or Down - March 19, 6:20PM-6:25PM ET"
wallet_1,1773958969.0,2026-03-19 22:22:49,BUY,Down,0.89,4.29,"Ethereum Up or Down - March 19, 6:20PM-6:25PM ET"
wallet_1,1773958973.0,2026-03-19 22:22:53,BUY,Down,0.8100000304339594,24.972104,"Bitcoin Up or Down - March 19, 6:20PM-6:25PM ET"
wallet_1,1773958973.0,2026-03-19 22:22:53,BUY,Down,0.8100000430666713,15.789472,"Bitcoin Up or Down - March 19, 6:20PM-6:25PM ET"
wallet_1,1773958973.0,2026-03-19 22:22:53,BUY,Down,0.8100001216000438,5.263156,"Bitcoin Up or Down - March 19, 6:20PM-6:25PM ET"
wallet_1,1773958973.0,2026-03-19 22:22:53,BUY,Down,0.81,23.96,"Bitcoin Up or Down - March 19, 6:20PM-6:25PM ET"
wallet_1,1773958977.0,2026-03-19 22:22:57,BUY,Down,0.8900000968000116,9.090908,"Ethereum Up or Down - March 19, 6:20PM-6:25PM ET"
wallet_1,1773958981.0,2026-03-19 22:23:01,BUY,Down,0.8900000968000116,9.090908,"Ethereum Up or Down - March 19, 6:20PM-6:25PM ET"
wallet_1,1773958983.0,2026-03-19 22:23:03,BUY,Down,0.8900000968000116,9.090908,"Ethereum Up or Down - March 19, 6:20PM-6:25PM ET"
wallet_1,1773958983.0,2026-03-19 22:23:03,BUY,Down,0.8900000968000116,9.090908,"Ethereum Up or Down - March 19, 6:20PM-6:25PM ET"
wallet_1,1773958985.0,2026-03-19 22:23:05,BUY,Up,0.15,23.34,"Bitcoin Up or Down - March 19, 6:20PM-6:25PM ET"
wallet_1,1773958985.0,2026-03-19 22:23:05,BUY,Up,0.15,11.7647,"Bitcoin Up or Down - March 19, 6:20PM-6:25PM ET"
wallet_1,1773958985.0,2026-03-19 22:23:05,BUY,Up,0.15000000425000104,23.529406,"Bitcoin Up or Down - March 19, 6:20PM-6:25PM ET"
wallet_1,1773958985.0,2026-03-19 22:23:05,BUY,Up,0.15,5.68,"Bitcoin Up or Down - March 19, 6:20PM-6:25PM ET"
wallet_1,1773958985.0,2026-03-19 22:23:05,BUY,Up,0.15,5.68,"Bitcoin Up or Down - March 19, 6:20PM-6:25PM ET"
wallet_1,1773958997.0,2026-03-19 22:23:17,BUY,Up,0.09,10.0,"Bitcoin Up or Down - March 19, 6:20PM-6:25PM ET"
wallet_1,1773958997.0,2026-03-19 22:23:17,BUY,Up,0.09000000703608786,8.527466,"Bitcoin Up or Down - March 19, 6:20PM-6:25PM ET"
wallet_1,1773958997.0,2026-03-19 22:23:17,BUY,Up,0.09,2.1978,"Bitcoin Up or Down - March 19, 6:20PM-6:25PM ET"
wallet_1,1773958997.0,2026-03-19 22:23:17,BUY,Up,0.09,10.0,"Bitcoin Up or Down - March 19, 6:20PM-6:25PM ET"
wallet_1,1773958997.0,2026-03-19 22:23:17,BUY,Up,0.09,19.98,"Bitcoin Up or Down - March 19, 6:20PM-6:25PM ET"
wallet_1,1773958997.0,2026-03-19 22:23:17,BUY,Up,0.09,2.1978,"Bitcoin Up or Down - March 19, 6:20PM-6:25PM ET"
wallet_1,1773958997.0,2026-03-19 22:23:17,BUY,Up,0.09,1.0989,"Bitcoin Up or Down - March 19, 6:20PM-6:25PM ET"
wallet_1,1773958997.0,2026-03-19 22:23:17,BUY,Up,0.09,5.0,"Bitcoin Up or Down - March 19, 6:20PM-6:25PM ET"
wallet_1,1773958997.0,2026-03-19 22:23:17,BUY,Up,0.09,10.989,"Bitcoin Up or Down - March 19, 6:20PM-6:25PM ET"
wallet_1,1773959001.0,2026-03-19 22:23:21,BUY,Up,0.08,70.0,"Bitcoin Up or Down - March 19, 6:20PM-6:25PM ET"
wallet_1,1773959003.0,2026-03-19 22:23:23,BUY,Down,0.9,70.0,"Bitcoin Up or Down - March 19, 6:20PM-6:25PM ET"
wallet_1,1773959003.0,2026-03-19 22:23:23,BUY,Up,0.08000000973547024,4.108687,"Bitcoin Up or Down - March 19, 6:20PM-6:25PM ET"
wallet_1,1773959003.0,2026-03-19 22:23:23,BUY,Up,0.08000001650224926,2.423912,"Bitcoin Up or Down - March 19, 6:20PM-6:25PM ET"
wallet_1,1773959003.0,2026-03-19 22:23:23,BUY,Up,0.08,1.22825,"Bitcoin Up or Down - March 19, 6:20PM-6:25PM ET"
wallet_1,1773959005.0,2026-03-19 22:23:25,BUY,Up,0.08,62.23,"Bitcoin Up or Down - March 19, 6:20PM-6:25PM ET"
wallet_1,1773959005.0,2026-03-19 22:23:25,BUY,Up,0.06,5.2,"Bitcoin Up or Down - March 19, 6:20PM-6:25PM ET"
wallet_1,1773959005.0,2026-03-19 22:23:25,BUY,Up,0.06,11.64,"Bitcoin Up or Down - March 19, 6:20PM-6:25PM ET"
wallet_1,1773959005.0,2026-03-19 22:23:25,BUY,Up,0.06,10.0,"Bitcoin Up or Down - March 19, 6:20PM-6:25PM ET"
wallet_1,1773959005.0,2026-03-19 22:23:25,BUY,Up,0.07,70.0,"Bitcoin Up or Down - March 19, 6:20PM-6:25PM ET"
wallet_1,1773959025.0,2026-03-19 22:23:45,BUY,Up,0.03,5.0,"Ethereum Up or Down - March 19, 6:20PM-6:25PM ET"
wallet_1,1773959025.0,2026-03-19 22:23:45,BUY,Up,0.03,5.0,"Ethereum Up or Down - March 19, 6:20PM-6:25PM ET"
wallet_1,1773959025.0,2026-03-19 22:23:45,BUY,Up,0.03,22.09,"Ethereum Up or Down - March 19, 6:20PM-6:25PM ET"
wallet_1,1773959025.0,2026-03-19 22:23:45,BUY,Up,0.03,5.0,"Ethereum Up or Down - March 19, 6:20PM-6:25PM ET"
wallet_1,1773959025.0,2026-03-19 22:23:45,BUY,Up,0.03,5.0,"Ethereum Up or Down - March 19, 6:20PM-6:25PM ET"
wallet_1,1773959025.0,2026-03-19 22:23:45,BUY,Up,0.03,5.0,"Ethereum Up or Down - March 19, 6:20PM-6:25PM ET"
wallet_1,1773959027.0,2026-03-19 22:23:47,BUY,Up,0.03,2.91,"Ethereum Up or Down - March 19, 6:20PM-6:25PM ET"
wallet_1,1773959029.0,2026-03-19 22:23:49,BUY,Up,0.03,45.0,"Ethereum Up or Down - March 19, 6:20PM-6:25PM ET"
wallet_1,1773959029.0,2026-03-19 22:23:49,BUY,Up,0.03,5.0,"Ethereum Up or Down - March 19, 6:20PM-6:25PM ET"
wallet_1,1773959033.0,2026-03-19 22:23:53,BUY,Up,0.02,14.7122,"Ethereum Up or Down - March 19, 6:20PM-6:25PM ET"
wallet_1,1773959033.0,2026-03-19 22:23:53,BUY,Up,0.02,10.0,"Ethereum Up or Down - March 19, 6:20PM-6:25PM ET"
wallet_1,1773959035.0,2026-03-19 22:23:55,BUY,Up,0.02,25.28,"Ethereum Up or Down - March 19, 6:20PM-6:25PM ET"
wallet_1,1773959111.0,2026-03-19 22:25:11,BUY,Down,0.42,68.96154,"Bitcoin Up or Down - March 19, 6:25PM-6:30PM ET"
wallet_1,1773959131.0,2026-03-19 22:25:31,BUY,Down,0.4,16.7552,"Ethereum Up or Down - March 19, 6:25PM-6:30PM ET"
wallet_1,1773959145.0,2026-03-19 22:25:45,BUY,Up,0.65,69.09427,"Bitcoin Up or Down - March 19, 6:25PM-6:30PM ET"
wallet_1,1773959151.0,2026-03-19 22:25:51,BUY,Up,0.56,24.62055,"Ethereum Up or Down - March 19, 6:25PM-6:30PM ET"
wallet_1,1773959151.0,2026-03-19 22:25:51,BUY,Down,0.46,32.49096,"Ethereum Up or Down - March 19, 6:25PM-6:30PM ET"
wallet_1,1773959153.0,2026-03-19 22:25:53,BUY,Up,0.6,16.1,"Bitcoin Up or Down - March 19, 6:25PM-6:30PM ET"
wallet_1,1773959153.0,2026-03-19 22:25:53,BUY,Up,0.6,3.0,"Bitcoin Up or Down - March 19, 6:25PM-6:30PM ET"
wallet_1,1773959153.0,2026-03-19 22:25:53,BUY,Up,0.6,3.13,"Bitcoin Up or Down - March 19, 6:25PM-6:30PM ET"
wallet_1,1773959153.0,2026-03-19 22:25:53,BUY,Up,0.6,12.5,"Bitcoin Up or Down - March 19, 6:25PM-6:30PM ET"
wallet_1,1773959153.0,2026-03-19 22:25:53,BUY,Up,0.6,15.503490000000001,"Bitcoin Up or Down - March 19, 6:25PM-6:30PM ET"
wallet_1,1773959153.0,2026-03-19 22:25:53,BUY,Up,0.6,68.992,"Bitcoin Up or Down - March 19, 6:25PM-6:30PM ET"
wallet_1,1773959153.0,2026-03-19 22:25:53,BUY,Down,0.41,1.2,"Bitcoin Up or Down - March 19, 6:25PM-6:30PM ET"
wallet_1,1773959153.0,2026-03-19 22:25:53,BUY,Down,0.41000000116281077,68.798812,"Bitcoin Up or Down - March 19, 6:25PM-6:30PM ET"
wallet_1,1773959153.0,2026-03-19 22:25:53,BUY,Down,0.42,30.0,"Bitcoin Up or Down - March 19, 6:25PM-6:30PM ET"
wallet_1,1773959153.0,2026-03-19 22:25:53,BUY,Up,0.58,68.96154,"Bitcoin Up or Down - March 19, 6:25PM-6:30PM ET"
wallet_1,1773959153.0,2026-03-19 22:25:53,BUY,Down,0.42,40.0,"Bitcoin Up or Down - March 19, 6:25PM-6:30PM ET"
wallet_1,1773959153.0,2026-03-19 22:25:53,BUY,Up,0.57185,68.95096,"Bitcoin Up or Down - March 19, 6:25PM-6:30PM ET"
wallet_1,1773959165.0,2026-03-19 22:26:05,BUY,Up,0.6100000702000155,6.410255,"Ethereum Up or Down - March 19, 6:25PM-6:30PM ET"
wallet_1,1773959173.0,2026-03-19 22:26:13,BUY,Up,0.63,19.26471,"Bitcoin Up or Down - March 19, 6:25PM-6:30PM ET"
wallet_1,1773959181.0,2026-03-19 22:26:21,BUY,Down,0.3,69.22825,"Bitcoin Up or Down - March 19, 6:25PM-6:30PM ET"
wallet_1,1773959183.0,2026-03-19 22:26:23,BUY,Down,0.3500000812501253,1.846151,"Ethereum Up or Down - March 19, 6:25PM-6:30PM ET"
wallet_1,1773959193.0,2026-03-19 22:26:33,BUY,Up,0.5800000621838662,3.859522,"Bitcoin Up or Down - March 19, 6:25PM-6:30PM ET"
wallet_1,1773959219.0,2026-03-19 22:26:59,BUY,Down,0.39,9.85851,"Bitcoin Up or Down - March 19, 6:25PM-6:30PM ET"
wallet_1,1773959231.0,2026-03-19 22:27:11,BUY,Up,0.447,49.23621,"Ethereum Up or Down - March 19, 6:25PM-6:30PM ET"
wallet_1,1773959231.0,2026-03-19 22:27:11,BUY,Down,0.54,1.39,"Bitcoin Up or Down - March 19, 6:25PM-6:30PM ET"
wallet_1,1773959231.0,2026-03-19 22:27:11,BUY,Down,0.52,11.625,"Bitcoin Up or Down - March 19, 6:25PM-6:30PM ET"
wallet_1,1773959261.0,2026-03-19 22:27:41,BUY,Down,0.55,68.92802,"Bitcoin Up or Down - March 19, 6:25PM-6:30PM ET"
wallet_1,1773959261.0,2026-03-19 22:27:41,BUY,Down,0.55,68.92802,"Bitcoin Up or Down - March 19, 6:25PM-6:30PM ET"
wallet_1,1773959277.0,2026-03-19 22:27:57,BUY,Up,0.34,70.0,"Bitcoin Up or Down - March 19, 6:25PM-6:30PM ET"
wallet_1,1773959283.0,2026-03-19 22:28:03,BUY,Up,0.33,6.0,"Bitcoin Up or Down - March 19, 6:25PM-6:30PM ET"
wallet_1,1773959283.0,2026-03-19 22:28:03,BUY,Up,0.3300005884611181,0.356863,"Bitcoin Up or Down - March 19, 6:25PM-6:30PM ET"
wallet_1,1773959285.0,2026-03-19 22:28:05,BUY,Up,0.33000000465277934,8.597012,"Bitcoin Up or Down - March 19, 6:25PM-6:30PM ET"
wallet_1,1773959285.0,2026-03-19 22:28:05,BUY,Up,0.3300000375200129,7.462684,"Bitcoin Up or Down - March 19, 6:25PM-6:30PM ET"
wallet_1,1773959285.0,2026-03-19 22:28:05,BUY,Up,0.33000007909732276,2.149251,"Bitcoin Up or Down - March 19, 6:25PM-6:30PM ET"
wallet_1,1773959299.0,2026-03-19 22:28:19,BUY,Up,0.26,40.0,"Bitcoin Up or Down - March 19, 6:25PM-6:30PM ET"
wallet_1,1773959299.0,2026-03-19 22:28:19,BUY,Up,0.26,7.0,"Bitcoin Up or Down - March 19, 6:25PM-6:30PM ET"
wallet_1,1773959299.0,2026-03-19 22:28:19,BUY,Up,0.26,15.85193,"Bitcoin Up or Down - March 19, 6:25PM-6:30PM ET"
wallet_1,1773959303.0,2026-03-19 22:28:23,BUY,Up,0.4300000117918163,30.529648,"Bitcoin Up or Down - March 19, 6:25PM-6:30PM ET"
wallet_1,1773959305.0,2026-03-19 22:28:25,BUY,Up,0.43,10.13,"Bitcoin Up or Down - March 19, 6:25PM-6:30PM ET"
wallet_1,1773959305.0,2026-03-19 22:28:25,BUY,Up,0.43,5.0,"Bitcoin Up or Down - March 19, 6:25PM-6:30PM ET"
wallet_1,1773959305.0,2026-03-19 22:28:25,BUY,Up,0.43000002734849047,6.947367,"Bitcoin Up or Down - March 19, 6:25PM-6:30PM ET"
wallet_1,1773959311.0,2026-03-19 22:28:31,BUY,Up,0.83,25.0,"Ethereum Up or Down - March 19, 6:25PM-6:30PM ET"
wallet_1,1773959311.0,2026-03-19 22:28:31,BUY,Down,0.52,68.90975,"Bitcoin Up or Down - March 19, 6:25PM-6:30PM ET"
wallet_1,1773959313.0,2026-03-19 22:28:33,BUY,Down,0.52,30.27107,"Bitcoin Up or Down - March 19, 6:25PM-6:30PM ET"
wallet_1,1773959313.0,2026-03-19 22:28:33,BUY,Down,0.5200000872727908,2.291665,"Bitcoin Up or Down - March 19, 6:25PM-6:30PM ET"
wallet_1,1773959313.0,2026-03-19 22:28:33,BUY,Down,0.5368585714285714,68.91811,"Bitcoin Up or Down - March 19, 6:25PM-6:30PM ET"
wallet_1,1773959313.0,2026-03-19 22:28:33,BUY,Down,0.52,6.0,"Bitcoin Up or Down - March 19, 6:25PM-6:30PM ET"
wallet_1,1773959313.0,2026-03-19 22:28:33,BUY,Down,0.52,5.0,"Bitcoin Up or Down - March 19, 6:25PM-6:30PM ET"
wallet_1,1773959313.0,2026-03-19 22:28:33,BUY,Down,0.52,5.0,"Bitcoin Up or Down - March 19, 6:25PM-6:30PM ET"
wallet_1,1773959313.0,2026-03-19 22:28:33,BUY,Down,0.53,68.91412,"Bitcoin Up or Down - March 19, 6:25PM-6:30PM ET"
wallet_1,1773959313.0,2026-03-19 22:28:33,BUY,Down,0.5200001728001106,2.083332,"Bitcoin Up or Down - March 19, 6:25PM-6:30PM ET"
wallet_1,1773959313.0,2026-03-19 22:28:33,BUY,Down,0.52,18.86,"Bitcoin Up or Down - March 19, 6:25PM-6:30PM ET"
wallet_1,1773959327.0,2026-03-19 22:28:47,BUY,Up,0.45,32.26816,"Bitcoin Up or Down - March 19, 6:25PM-6:30PM ET"
wallet_1,1773959327.0,2026-03-19 22:28:47,BUY,Up,0.46,68.92021,"Bitcoin Up or Down - March 19, 6:25PM-6:30PM ET"
wallet_1,1773959327.0,2026-03-19 22:28:47,BUY,Up,0.88,36.0,"Ethereum Up or Down - March 19, 6:25PM-6:30PM ET"
wallet_1,1773959337.0,2026-03-19 22:28:57,BUY,Down,0.11,25.93771,"Ethereum Up or Down - March 19, 6:25PM-6:30PM ET"
wallet_1,1773959343.0,2026-03-19 22:29:03,BUY,Down,0.55,68.92802,"Bitcoin Up or Down - March 19, 6:25PM-6:30PM ET"
wallet_1,1773959375.0,2026-03-19 22:29:35,BUY,Down,0.57,68.94871,"Bitcoin Up or Down - March 19, 6:25PM-6:30PM ET"
wallet_1,1773959375.0,2026-03-19 22:29:35,BUY,Down,0.55,70.0,"Bitcoin Up or Down - March 19, 6:25PM-6:30PM ET"
wallet_1,1773959375.0,2026-03-19 22:29:35,BUY,Up,0.45,68.92802,"Bitcoin Up or Down - March 19, 6:25PM-6:30PM ET"
wallet_1,1773959375.0,2026-03-19 22:29:35,BUY,Down,0.56,2.6,"Bitcoin Up or Down - March 19, 6:25PM-6:30PM ET"
wallet_1,1773959375.0,2026-03-19 22:29:35,BUY,Down,0.5600001936001084,2.272726,"Bitcoin Up or Down - March 19, 6:25PM-6:30PM ET"
wallet_1,1773959375.0,2026-03-19 22:29:35,BUY,Down,0.54,13.87,"Bitcoin Up or Down - March 19, 6:25PM-6:30PM ET"
wallet_1,1773959375.0,2026-03-19 22:29:35,BUY,Down,0.5400000597740204,7.695651,"Bitcoin Up or Down - March 19, 6:25PM-6:30PM ET"
wallet_1,1773959375.0,2026-03-19 22:29:35,BUY,Up,0.45,68.92802,"Bitcoin Up or Down - March 19, 6:25PM-6:30PM ET"
wallet_1,1773959379.0,2026-03-19 22:29:39,BUY,Down,0.5800001764001023,2.380951,"Bitcoin Up or Down - March 19, 6:25PM-6:30PM ET"
