timestamp,time_utc,side,outcome,price,size,usdc,market
1774120727,2026-03-21 19:18:47,,,0.0,0.0,0.0,"Ethereum Up or Down - March 21, 3:10PM-3:15PM ET"
1774120727,2026-03-21 19:18:47,,,0.0,0.0,0.0,"Ethereum Up or Down - March 21, 3:00PM-3:05PM ET"
1774120727,2026-03-21 19:18:47,,,0.0,590.234289,0.0,"Bitcoin Up or Down - March 21, 3:10PM-3:15PM ET"
1774120727,2026-03-21 19:18:47,,,0.0,0.0,0.0,"Ethereum Up or Down - March 21, 3:05PM-3:10PM ET"
1774120727,2026-03-21 19:18:47,,,0.0,629.588596,0.0,"Bitcoin Up or Down - March 21, 3:05PM-3:10PM ET"
1774120727,2026-03-21 19:18:47,,,0.0,846.403565,0.0,"Ethereum Up or Down - March 21, 3:10PM-3:15PM ET"
1774120727,2026-03-21 19:18:47,,,0.0,0.0,0.0,"Bitcoin Up or Down - March 21, 3:10PM-3:15PM ET"
1774120727,2026-03-21 19:18:47,,,0.0,0.0,0.0,"Bitcoin Up or Down - March 21, 3:05PM-3:10PM ET"
1774120727,2026-03-21 19:18:47,,,0.0,0.0,0.0,"Bitcoin Up or Down - March 21, 3:00PM-3:05PM ET"
1774120731,2026-03-21 19:18:51,BUY,Down,0.4200000141599648,25.423792,10.677992999999999,"Bitcoin Up or Down - March 21, 3:15PM-3:20PM ET"
1774120733,2026-03-21 19:18:53,,,0.0,0.0,0.0,"Ethereum Up or Down - March 21, 3:00PM-3:15PM ET"
1774120733,2026-03-21 19:18:53,,,0.0,218.189411,0.0,"Ethereum Up or Down - March 21, 3:05PM-3:10PM ET"
1774120733,2026-03-21 19:18:53,,,0.0,0.0,0.0,"Bitcoin Up or Down - March 21, 3:00PM-3:15PM ET"
1774120733,2026-03-21 19:18:53,,,0.0,250.39979,0.0,"Bitcoin Up or Down - March 21, 3:00PM-3:15PM ET"
1774120733,2026-03-21 19:18:53,,,0.0,253.079532,0.0,"Ethereum Up or Down - March 21, 3:00PM-3:15PM ET"
1774120733,2026-03-21 19:18:53,,,0.0,342.236855,0.0,"Ethereum Up or Down - March 21, 3:00PM-3:05PM ET"
1774120807,2026-03-21 19:20:07,BUY,Up,0.5666108108108108,36.44222,20.648555821945944,"Bitcoin Up or Down - March 21, 3:15PM-3:30PM ET"
1774120807,2026-03-21 19:20:07,BUY,Up,0.53,99.43322,52.6996066,"Bitcoin Up or Down - March 21, 3:20PM-3:25PM ET"
1774120807,2026-03-21 19:20:07,BUY,Up,0.53,99.43322,52.6996066,"Bitcoin Up or Down - March 21, 3:20PM-3:25PM ET"
1774120807,2026-03-21 19:20:07,BUY,Up,0.63,5.0,3.15,"Ethereum Up or Down - March 21, 3:20PM-3:25PM ET"
1774120807,2026-03-21 19:20:07,BUY,Up,0.63,2.05,1.2914999999999999,"Ethereum Up or Down - March 21, 3:20PM-3:25PM ET"
1774120807,2026-03-21 19:20:07,BUY,Up,0.6300000516825489,8.513512,5.363513,"Ethereum Up or Down - March 21, 3:20PM-3:25PM ET"
1774120809,2026-03-21 19:20:09,BUY,Up,0.5725567567567568,36.44597,20.867386380054057,"Bitcoin Up or Down - March 21, 3:15PM-3:30PM ET"
1774120809,2026-03-21 19:20:09,BUY,Up,0.61,65.6,40.016,"Bitcoin Up or Down - March 21, 3:20PM-3:25PM ET"
1774120809,2026-03-21 19:20:09,BUY,Up,0.63,59.11592,37.2430296,"Bitcoin Up or Down - March 21, 3:20PM-3:25PM ET"
1774120809,2026-03-21 19:20:09,BUY,Up,0.6100001698387727,3.179486,1.939487,"Bitcoin Up or Down - March 21, 3:20PM-3:25PM ET"
1774120809,2026-03-21 19:20:09,BUY,Up,0.61,5.0,3.05,"Bitcoin Up or Down - March 21, 3:20PM-3:25PM ET"
1774120809,2026-03-21 19:20:09,BUY,Up,0.61,5.0,3.05,"Bitcoin Up or Down - March 21, 3:20PM-3:25PM ET"
1774120809,2026-03-21 19:20:09,BUY,Up,0.61,22.22,13.5542,"Bitcoin Up or Down - March 21, 3:20PM-3:25PM ET"
1774120809,2026-03-21 19:20:09,BUY,Up,0.62,101.0,62.62,"Bitcoin Up or Down - March 21, 3:20PM-3:25PM ET"
1774120809,2026-03-21 19:20:09,BUY,Up,0.63,27.72,17.4636,"Bitcoin Up or Down - March 21, 3:20PM-3:25PM ET"
1774120809,2026-03-21 19:20:09,BUY,Up,0.6300001491936086,3.35135,2.111351,"Bitcoin Up or Down - March 21, 3:20PM-3:25PM ET"
1774120809,2026-03-21 19:20:09,BUY,Down,0.38,6.0,2.2800000000000002,"Bitcoin Up or Down - March 21, 3:20PM-3:25PM ET"
1774120809,2026-03-21 19:20:09,BUY,Down,0.3800000016824967,23.774192,9.034193,"Bitcoin Up or Down - March 21, 3:20PM-3:25PM ET"
1774120809,2026-03-21 19:20:09,BUY,Down,0.3800000121501934,24.690965,9.382567,"Bitcoin Up or Down - March 21, 3:20PM-3:25PM ET"
1774120809,2026-03-21 19:20:09,BUY,Down,0.39,101.0,39.39,"Bitcoin Up or Down - March 21, 3:20PM-3:25PM ET"
1774120817,2026-03-21 19:20:17,BUY,Down,0.38,6.0,2.2800000000000002,"Bitcoin Up or Down - March 21, 3:20PM-3:25PM ET"
1774120817,2026-03-21 19:20:17,BUY,Down,0.38,70.0,26.6,"Bitcoin Up or Down - March 21, 3:20PM-3:25PM ET"
1774120817,2026-03-21 19:20:17,BUY,Down,0.38,24.65308,9.3681704,"Bitcoin Up or Down - March 21, 3:20PM-3:25PM ET"
1774120817,2026-03-21 19:20:17,BUY,Down,0.37,59.04687,21.8473419,"Bitcoin Up or Down - March 21, 3:20PM-3:25PM ET"
1774120819,2026-03-21 19:20:19,BUY,Down,0.4348118811881188,99.47507,43.252942318019805,"Bitcoin Up or Down - March 21, 3:20PM-3:25PM ET"
1774120819,2026-03-21 19:20:19,BUY,Down,0.43,99.48314,42.7777502,"Bitcoin Up or Down - March 21, 3:20PM-3:25PM ET"
1774120819,2026-03-21 19:20:19,BUY,Down,0.42,99.50165,41.790693,"Bitcoin Up or Down - March 21, 3:20PM-3:25PM ET"
1774120831,2026-03-21 19:20:31,BUY,Down,0.4,101.0,40.400000000000006,"Bitcoin Up or Down - March 21, 3:20PM-3:25PM ET"
1774120835,2026-03-21 19:20:35,SELL,Down,0.42,101.0,42.42,"Bitcoin Up or Down - March 21, 3:20PM-3:25PM ET"
1774120837,2026-03-21 19:20:37,SELL,Down,0.43,10.41,4.4763,"Bitcoin Up or Down - March 21, 3:20PM-3:25PM ET"
1774120837,2026-03-21 19:20:37,SELL,Down,0.43,9.11,3.9172999999999996,"Bitcoin Up or Down - March 21, 3:20PM-3:25PM ET"
1774120837,2026-03-21 19:20:37,SELL,Down,0.43,11.0,4.7299999999999995,"Bitcoin Up or Down - March 21, 3:20PM-3:25PM ET"
1774120837,2026-03-21 19:20:37,SELL,Down,0.43,3.0,1.29,"Bitcoin Up or Down - March 21, 3:20PM-3:25PM ET"
1774120837,2026-03-21 19:20:37,SELL,Down,0.429999994961331,67.478138,29.015598999999998,"Bitcoin Up or Down - March 21, 3:20PM-3:25PM ET"
1774120849,2026-03-21 19:20:49,BUY,Up,0.55,101.0,55.550000000000004,"Bitcoin Up or Down - March 21, 3:20PM-3:25PM ET"
1774120869,2026-03-21 19:21:09,BUY,Up,0.57,4.87,2.7759,"Ethereum Up or Down - March 21, 3:20PM-3:25PM ET"
1774120869,2026-03-21 19:21:09,BUY,Up,0.5800000651724317,5.523808,3.2038089999999997,"Ethereum Up or Down - March 21, 3:20PM-3:25PM ET"
1774120869,2026-03-21 19:21:09,BUY,Up,0.58,6.5,3.7699999999999996,"Ethereum Up or Down - March 21, 3:20PM-3:25PM ET"
1774120869,2026-03-21 19:21:09,BUY,Up,0.5800000490000147,5.714284,3.314285,"Ethereum Up or Down - March 21, 3:20PM-3:25PM ET"
1774120869,2026-03-21 19:21:09,BUY,Up,0.57,5.0,2.8499999999999996,"Ethereum Up or Down - March 21, 3:20PM-3:25PM ET"
1774120869,2026-03-21 19:21:09,BUY,Up,0.58,35.0,20.299999999999997,"Ethereum Up or Down - March 21, 3:20PM-3:25PM ET"
1774120869,2026-03-21 19:21:09,BUY,Up,0.5800000795061905,5.785713,3.355714,"Ethereum Up or Down - March 21, 3:20PM-3:25PM ET"
1774120869,2026-03-21 19:21:09,BUY,Up,0.580000055734603,10.047618,5.827619,"Ethereum Up or Down - March 21, 3:20PM-3:25PM ET"
1774120869,2026-03-21 19:21:09,BUY,Up,0.58,26.91,15.6078,"Ethereum Up or Down - March 21, 3:20PM-3:25PM ET"
1774120869,2026-03-21 19:21:09,BUY,Up,0.58,5.5,3.19,"Ethereum Up or Down - March 21, 3:20PM-3:25PM ET"
1774120871,2026-03-21 19:21:11,SELL,Up,0.4,5.0,2.0,"Bitcoin Up or Down - March 21, 3:20PM-3:25PM ET"
1774120871,2026-03-21 19:21:11,SELL,Up,0.4099999846249988,21.463413,8.799999,"Bitcoin Up or Down - March 21, 3:20PM-3:25PM ET"
1774120871,2026-03-21 19:21:11,SELL,Up,0.41,1.22,0.5002,"Bitcoin Up or Down - March 21, 3:20PM-3:25PM ET"
1774120871,2026-03-21 19:21:11,SELL,Up,0.41,5.0,2.05,"Bitcoin Up or Down - March 21, 3:20PM-3:25PM ET"
1774120871,2026-03-21 19:21:11,SELL,Up,0.4099999688399899,6.097559,2.4999990000000003,"Bitcoin Up or Down - March 21, 3:20PM-3:25PM ET"
1774120871,2026-03-21 19:21:11,SELL,Up,0.40999999316666635,40.975608,16.799999,"Bitcoin Up or Down - March 21, 3:20PM-3:25PM ET"
1774120871,2026-03-21 19:21:11,SELL,Up,0.41,4.58,1.8778,"Bitcoin Up or Down - March 21, 3:20PM-3:25PM ET"
1774120871,2026-03-21 19:21:11,SELL,Up,0.41,3.05,1.2505,"Bitcoin Up or Down - March 21, 3:20PM-3:25PM ET"
1774120871,2026-03-21 19:21:11,SELL,Up,0.4,2.85,1.1400000000000001,"Bitcoin Up or Down - March 21, 3:20PM-3:25PM ET"
1774120871,2026-03-21 19:21:11,SELL,Up,0.4,80.65,32.260000000000005,"Bitcoin Up or Down - March 21, 3:20PM-3:25PM ET"
1774120871,2026-03-21 19:21:11,SELL,Up,0.4,2.5,1.0,"Bitcoin Up or Down - March 21, 3:20PM-3:25PM ET"
1774120871,2026-03-21 19:21:11,SELL,Up,0.41,4.25,1.7425,"Bitcoin Up or Down - March 21, 3:20PM-3:25PM ET"
1774120871,2026-03-21 19:21:11,SELL,Up,0.41,7.0,2.8699999999999997,"Bitcoin Up or Down - March 21, 3:20PM-3:25PM ET"
1774120871,2026-03-21 19:21:11,SELL,Up,0.4099999446499798,4.878047,1.9999989999999999,"Bitcoin Up or Down - March 21, 3:20PM-3:25PM ET"
1774120871,2026-03-21 19:21:11,SELL,Up,0.4,10.0,4.0,"Bitcoin Up or Down - March 21, 3:20PM-3:25PM ET"
1774120873,2026-03-21 19:21:13,BUY,Down,0.6199227722772277,99.59822,61.74320465627722,"Bitcoin Up or Down - March 21, 3:20PM-3:25PM ET"
1774120873,2026-03-21 19:21:13,BUY,Down,0.58,101.0,58.58,"Bitcoin Up or Down - March 21, 3:20PM-3:25PM ET"
1774120905,2026-03-21 19:21:45,BUY,Down,0.6,99.5456,59.72735999999999,"Bitcoin Up or Down - March 21, 3:20PM-3:25PM ET"
1774120905,2026-03-21 19:21:45,BUY,Down,0.6,99.5456,59.72735999999999,"Bitcoin Up or Down - March 21, 3:20PM-3:25PM ET"
1774120907,2026-03-21 19:21:47,BUY,Down,0.56,101.0,56.56,"Bitcoin Up or Down - March 21, 3:20PM-3:25PM ET"
1774120907,2026-03-21 19:21:47,BUY,Down,0.57,101.0,57.56999999999999,"Bitcoin Up or Down - March 21, 3:20PM-3:25PM ET"
1774120907,2026-03-21 19:21:47,BUY,Down,0.58,101.0,58.58,"Bitcoin Up or Down - March 21, 3:20PM-3:25PM ET"
1774120907,2026-03-21 19:21:47,BUY,Down,0.59,101.0,59.589999999999996,"Bitcoin Up or Down - March 21, 3:20PM-3:25PM ET"
1774120917,2026-03-21 19:21:57,BUY,Up,0.4000000272727322,7.333332,2.933333,"Bitcoin Up or Down - March 21, 3:20PM-3:25PM ET"
1774120917,2026-03-21 19:21:57,BUY,Up,0.4,6.94,2.7760000000000002,"Bitcoin Up or Down - March 21, 3:20PM-3:25PM ET"
1774120917,2026-03-21 19:21:57,BUY,Up,0.4,5.05,2.02,"Bitcoin Up or Down - March 21, 3:20PM-3:25PM ET"
1774120919,2026-03-21 19:21:59,BUY,Down,0.4500000022470074,66.755453,30.039953999999998,"Bitcoin Up or Down - March 21, 3:20PM-3:25PM ET"
1774120919,2026-03-21 19:21:59,BUY,Down,0.46,101.0,46.46,"Bitcoin Up or Down - March 21, 3:20PM-3:25PM ET"
1774120919,2026-03-21 19:21:59,BUY,Down,0.42,101.0,42.42,"Bitcoin Up or Down - March 21, 3:20PM-3:25PM ET"
1774120919,2026-03-21 19:21:59,BUY,Down,0.43,101.0,43.43,"Bitcoin Up or Down - March 21, 3:20PM-3:25PM ET"
1774120919,2026-03-21 19:21:59,BUY,Down,0.44,101.0,44.44,"Bitcoin Up or Down - March 21, 3:20PM-3:25PM ET"
1774120919,2026-03-21 19:21:59,BUY,Down,0.45,34.24,15.408000000000001,"Bitcoin Up or Down - March 21, 3:20PM-3:25PM ET"
1774120925,2026-03-21 19:22:05,SELL,Down,0.41,10.0,4.1,"Bitcoin Up or Down - March 21, 3:20PM-3:25PM ET"
1774120925,2026-03-21 19:22:05,SELL,Down,0.39,101.0,39.39,"Bitcoin Up or Down - March 21, 3:20PM-3:25PM ET"
1774120925,2026-03-21 19:22:05,SELL,Down,0.41,18.84,7.724399999999999,"Bitcoin Up or Down - March 21, 3:20PM-3:25PM ET"
1774120925,2026-03-21 19:22:05,SELL,Down,0.41,5.0,2.05,"Bitcoin Up or Down - March 21, 3:20PM-3:25PM ET"
1774120925,2026-03-21 19:22:05,SELL,Down,0.39,101.0,39.39,"Bitcoin Up or Down - March 21, 3:20PM-3:25PM ET"
1774120925,2026-03-21 19:22:05,SELL,Down,0.4296762376237624,101.0,43.3973,"Bitcoin Up or Down - March 21, 3:20PM-3:25PM ET"
1774120925,2026-03-21 19:22:05,SELL,Down,0.4133844550327576,67.16,27.7629,"Bitcoin Up or Down - March 21, 3:20PM-3:25PM ET"
1774120925,2026-03-21 19:22:05,SELL,Down,0.45,101.0,45.45,"Bitcoin Up or Down - March 21, 3:20PM-3:25PM ET"
1774120951,2026-03-21 19:22:31,BUY,Down,0.13,101.0,13.13,"Bitcoin Up or Down - March 21, 3:20PM-3:25PM ET"
1774120951,2026-03-21 19:22:31,BUY,Down,0.14,101.0,14.14,"Bitcoin Up or Down - March 21, 3:20PM-3:25PM ET"
1774120951,2026-03-21 19:22:31,BUY,Down,0.16,101.0,16.16,"Bitcoin Up or Down - March 21, 3:20PM-3:25PM ET"
1774120951,2026-03-21 19:22:31,BUY,Down,0.17,101.0,17.17,"Bitcoin Up or Down - March 21, 3:20PM-3:25PM ET"
1774120951,2026-03-21 19:22:31,BUY,Down,0.24,101.0,24.24,"Bitcoin Up or Down - March 21, 3:20PM-3:25PM ET"
1774120951,2026-03-21 19:22:31,BUY,Down,0.25,101.0,25.25,"Bitcoin Up or Down - March 21, 3:20PM-3:25PM ET"
1774120955,2026-03-21 19:22:35,BUY,Down,0.19000002076925154,4.81481,0.9148139999999999,"Bitcoin Up or Down - March 21, 3:20PM-3:25PM ET"
1774120955,2026-03-21 19:22:35,BUY,Down,0.19000002430009647,1.234563,0.234567,"Bitcoin Up or Down - March 21, 3:20PM-3:25PM ET"
1774120955,2026-03-21 19:22:35,BUY,Down,0.19,4.72,0.8967999999999999,"Bitcoin Up or Down - March 21, 3:20PM-3:25PM ET"
1774120955,2026-03-21 19:22:35,BUY,Down,0.19000001185366414,5.061726,0.961728,"Bitcoin Up or Down - March 21, 3:20PM-3:25PM ET"
1774120955,2026-03-21 19:22:35,BUY,Down,0.19000005737511547,2.962957,0.562962,"Bitcoin Up or Down - March 21, 3:20PM-3:25PM ET"
1774120955,2026-03-21 19:22:35,BUY,Down,0.19000012150028553,1.481478,0.28148100000000004,"Bitcoin Up or Down - March 21, 3:20PM-3:25PM ET"
1774120955,2026-03-21 19:22:35,BUY,Down,0.19000002430009647,1.234563,0.234567,"Bitcoin Up or Down - March 21, 3:20PM-3:25PM ET"
1774120955,2026-03-21 19:22:35,BUY,Down,0.1900000148965583,5.370368,1.02037,"Bitcoin Up or Down - March 21, 3:20PM-3:25PM ET"
1774120955,2026-03-21 19:22:35,BUY,Down,0.19,5.0,0.95,"Bitcoin Up or Down - March 21, 3:20PM-3:25PM ET"
1774120955,2026-03-21 19:22:35,BUY,Down,0.19000004016532046,1.493826,0.283827,"Bitcoin Up or Down - March 21, 3:20PM-3:25PM ET"
1774120955,2026-03-21 19:22:35,BUY,Down,0.1900000057176477,20.987652,3.987654,"Bitcoin Up or Down - March 21, 3:20PM-3:25PM ET"
1774120955,2026-03-21 19:22:35,BUY,Down,0.19,6.1,1.159,"Bitcoin Up or Down - March 21, 3:20PM-3:25PM ET"
1774120955,2026-03-21 19:22:35,BUY,Down,0.19,5.0,0.95,"Bitcoin Up or Down - March 21, 3:20PM-3:25PM ET"
1774120955,2026-03-21 19:22:35,BUY,Down,0.19000002430009647,1.234563,0.234567,"Bitcoin Up or Down - March 21, 3:20PM-3:25PM ET"
1774120955,2026-03-21 19:22:35,BUY,Down,0.19,2.0,0.38,"Bitcoin Up or Down - March 21, 3:20PM-3:25PM ET"
1774120955,2026-03-21 19:22:35,BUY,Down,0.19000001218391374,7.386789,1.4034900000000001,"Bitcoin Up or Down - March 21, 3:20PM-3:25PM ET"
1774120959,2026-03-21 19:22:39,SELL,Down,0.2,101.0,20.200000000000003,"Bitcoin Up or Down - March 21, 3:20PM-3:25PM ET"
1774120965,2026-03-21 19:22:45,BUY,Down,0.24,6.0,1.44,"Ethereum Up or Down - March 21, 3:20PM-3:25PM ET"
1774120965,2026-03-21 19:22:45,BUY,Down,0.24,6.0,1.44,"Ethereum Up or Down - March 21, 3:20PM-3:25PM ET"
1774120967,2026-03-21 19:22:47,BUY,Down,0.24,12.0,2.88,"Ethereum Up or Down - March 21, 3:20PM-3:25PM ET"
1774120967,2026-03-21 19:22:47,BUY,Down,0.24,37.23,8.935199999999998,"Ethereum Up or Down - March 21, 3:20PM-3:25PM ET"
1774120967,2026-03-21 19:22:47,BUY,Down,0.23,2.5974,0.597402,"Ethereum Up or Down - March 21, 3:20PM-3:25PM ET"
1774120967,2026-03-21 19:22:47,BUY,Down,0.23,5.0,1.1500000000000001,"Ethereum Up or Down - March 21, 3:20PM-3:25PM ET"
1774120967,2026-03-21 19:22:47,BUY,Down,0.2400000043469973,27.605262,6.6252629999999995,"Ethereum Up or Down - March 21, 3:20PM-3:25PM ET"
1774120967,2026-03-21 19:22:47,BUY,Down,0.2300000045742592,6.558439,1.508441,"Ethereum Up or Down - March 21, 3:20PM-3:25PM ET"
1774120967,2026-03-21 19:22:47,BUY,Down,0.24000002235295284,7.157891,1.717894,"Ethereum Up or Down - March 21, 3:20PM-3:25PM ET"
1774120967,2026-03-21 19:22:47,BUY,Down,0.23000002349153664,7.662334,1.762337,"Ethereum Up or Down - March 21, 3:20PM-3:25PM ET"
1774120967,2026-03-21 19:22:47,BUY,Down,0.24,5.0,1.2,"Ethereum Up or Down - March 21, 3:20PM-3:25PM ET"
1774120969,2026-03-21 19:22:49,SELL,Down,0.24,11.0,2.6399999999999997,"Bitcoin Up or Down - March 21, 3:20PM-3:25PM ET"
1774120969,2026-03-21 19:22:49,BUY,Down,0.19000001185366414,5.061726,0.961728,"Ethereum Up or Down - March 21, 3:20PM-3:25PM ET"
1774120969,2026-03-21 19:22:49,BUY,Down,0.19000003043842492,5.913578,1.12358,"Ethereum Up or Down - March 21, 3:20PM-3:25PM ET"
1774120969,2026-03-21 19:22:49,BUY,Down,0.19000001038461858,11.555552,2.195555,"Ethereum Up or Down - March 21, 3:20PM-3:25PM ET"
1774120969,2026-03-21 19:22:49,BUY,Down,0.19000001282123125,13.259257,2.519259,"Ethereum Up or Down - March 21, 3:20PM-3:25PM ET"
1774120969,2026-03-21 19:22:49,SELL,Down,0.24,0.32,0.0768,"Bitcoin Up or Down - March 21, 3:20PM-3:25PM ET"
1774120969,2026-03-21 19:22:49,SELL,Down,0.24,11.0,2.6399999999999997,"Bitcoin Up or Down - March 21, 3:20PM-3:25PM ET"
1774120969,2026-03-21 19:22:49,BUY,Down,0.19000001660323046,8.432094,1.6020979999999998,"Ethereum Up or Down - March 21, 3:20PM-3:25PM ET"
1774120969,2026-03-21 19:22:49,SELL,Down,0.24,5.22,1.2528,"Bitcoin Up or Down - March 21, 3:20PM-3:25PM ET"
1774120971,2026-03-21 19:22:51,BUY,Down,0.19000004455008665,2.469131,0.46913499999999997,"Ethereum Up or Down - March 21, 3:20PM-3:25PM ET"
1774120977,2026-03-21 19:22:57,BUY,Down,0.18000164010606018,0.036583,0.006584999999999999,"Ethereum Up or Down - March 21, 3:20PM-3:25PM ET"
1774120989,2026-03-21 19:23:09,SELL,Down,0.2,5.0,1.0,"Bitcoin Up or Down - March 21, 3:20PM-3:25PM ET"
1774120989,2026-03-21 19:23:09,SELL,Down,0.1899998859999734,6.315788,1.199999,"Bitcoin Up or Down - March 21, 3:20PM-3:25PM ET"
1774120989,2026-03-21 19:23:09,SELL,Down,0.2,4.36,0.8720000000000001,"Bitcoin Up or Down - March 21, 3:20PM-3:25PM ET"
1774120989,2026-03-21 19:23:09,SELL,Down,0.2,5.0,1.0,"Bitcoin Up or Down - March 21, 3:20PM-3:25PM ET"
1774120989,2026-03-21 19:23:09,SELL,Down,0.2,86.64,17.328,"Bitcoin Up or Down - March 21, 3:20PM-3:25PM ET"
1774120989,2026-03-21 19:23:09,SELL,Down,0.19,89.36,16.9784,"Bitcoin Up or Down - March 21, 3:20PM-3:25PM ET"
1774121033,2026-03-21 19:23:53,SELL,Down,0.16,101.0,16.16,"Bitcoin Up or Down - March 21, 3:20PM-3:25PM ET"
1774121035,2026-03-21 19:23:55,SELL,Down,0.17,26.15,4.4455,"Bitcoin Up or Down - March 21, 3:20PM-3:25PM ET"
1774121035,2026-03-21 19:23:55,SELL,Down,0.17,35.0,5.95,"Bitcoin Up or Down - March 21, 3:20PM-3:25PM ET"
1774121035,2026-03-21 19:23:55,SELL,Down,0.17,10.0,1.7000000000000002,"Bitcoin Up or Down - March 21, 3:20PM-3:25PM ET"
1774121035,2026-03-21 19:23:55,SELL,Down,0.17,29.85,5.0745000000000005,"Bitcoin Up or Down - March 21, 3:20PM-3:25PM ET"
1774121045,2026-03-21 19:24:05,SELL,Down,0.2588663366336634,101.0,26.145500000000002,"Bitcoin Up or Down - March 21, 3:20PM-3:25PM ET"
1774121093,2026-03-21 19:24:53,BUY,Down,0.51,36.42234,18.5753934,"Bitcoin Up or Down - March 21, 3:15PM-3:30PM ET"
1774121093,2026-03-21 19:24:53,BUY,Down,0.5,36.42188,18.21094,"Bitcoin Up or Down - March 21, 3:15PM-3:30PM ET"
1774121093,2026-03-21 19:24:53,BUY,Down,0.4977,36.4219,18.12717963,"Bitcoin Up or Down - March 21, 3:15PM-3:30PM ET"
1774121093,2026-03-21 19:24:53,BUY,Down,0.5036459459459459,36.42194,18.343762424486485,"Bitcoin Up or Down - March 21, 3:15PM-3:30PM ET"
1774121093,2026-03-21 19:24:53,BUY,Down,0.49,36.42234,17.8469466,"Bitcoin Up or Down - March 21, 3:15PM-3:30PM ET"
1774121093,2026-03-21 19:24:53,BUY,Down,0.51,36.42234,18.5753934,"Bitcoin Up or Down - March 21, 3:15PM-3:30PM ET"
1774121095,2026-03-21 19:24:55,BUY,Down,0.3400000032052325,18.719391,6.364593000000001,"Ethereum Up or Down - March 21, 3:15PM-3:30PM ET"
1774121097,2026-03-21 19:24:57,SELL,Up,0.4199999640855052,10.023808,4.209999,"Bitcoin Up or Down - March 21, 3:15PM-3:30PM ET"
1774121097,2026-03-21 19:24:57,SELL,Up,0.42,13.54,5.6868,"Bitcoin Up or Down - March 21, 3:15PM-3:30PM ET"
1774121097,2026-03-21 19:24:57,SELL,Up,0.41999995757575115,9.42857,3.9599990000000003,"Bitcoin Up or Down - March 21, 3:15PM-3:30PM ET"
1774121097,2026-03-21 19:24:57,SELL,Up,0.42,4.0,1.68,"Bitcoin Up or Down - March 21, 3:15PM-3:30PM ET"
1774121105,2026-03-21 19:25:05,BUY,Down,0.45,12.6,5.67,"Ethereum Up or Down - March 21, 3:25PM-3:30PM ET"
1774121107,2026-03-21 19:25:07,BUY,Down,0.45000001407369605,17.763635,7.993636,"Ethereum Up or Down - March 21, 3:25PM-3:30PM ET"
1774121107,2026-03-21 19:25:07,BUY,Down,0.45000004400000526,9.090908,4.090909,"Ethereum Up or Down - March 21, 3:25PM-3:30PM ET"
1774121113,2026-03-21 19:25:13,BUY,Down,0.51,2.16,1.1016000000000001,"Bitcoin Up or Down - March 21, 3:25PM-3:30PM ET"
1774121113,2026-03-21 19:25:13,BUY,Down,0.52,61.28,31.8656,"Bitcoin Up or Down - March 21, 3:25PM-3:30PM ET"
1774121113,2026-03-21 19:25:13,BUY,Down,0.51,10.0,5.1,"Bitcoin Up or Down - March 21, 3:25PM-3:30PM ET"
1774121113,2026-03-21 19:25:13,BUY,Down,0.5100000382370022,7.061223,3.6012239999999998,"Bitcoin Up or Down - March 21, 3:25PM-3:30PM ET"
1774121113,2026-03-21 19:25:13,BUY,Down,0.51,5.0,2.55,"Bitcoin Up or Down - March 21, 3:25PM-3:30PM ET"
1774121113,2026-03-21 19:25:13,BUY,Down,0.5100000268333382,8.571427,4.371428,"Bitcoin Up or Down - March 21, 3:25PM-3:30PM ET"
1774121113,2026-03-21 19:25:13,BUY,Down,0.5100000034410114,43.591835,22.231836,"Bitcoin Up or Down - March 21, 3:25PM-3:30PM ET"
1774121113,2026-03-21 19:25:13,BUY,Down,0.52,19.72,10.2544,"Bitcoin Up or Down - March 21, 3:25PM-3:30PM ET"
1774121113,2026-03-21 19:25:13,BUY,Down,0.52,15.0,7.800000000000001,"Bitcoin Up or Down - March 21, 3:25PM-3:30PM ET"
1774121113,2026-03-21 19:25:13,BUY,Down,0.52,5.0,2.6,"Bitcoin Up or Down - March 21, 3:25PM-3:30PM ET"
1774121113,2026-03-21 19:25:13,BUY,Up,0.38,47.0,17.86,"Bitcoin Up or Down - March 21, 3:15PM-3:30PM ET"
1774121115,2026-03-21 19:25:15,BUY,Down,0.51,10.0,5.1,"Bitcoin Up or Down - March 21, 3:25PM-3:30PM ET"
1774121115,2026-03-21 19:25:15,BUY,Up,0.53,99.43322,52.6996066,"Bitcoin Up or Down - March 21, 3:25PM-3:30PM ET"
1774121115,2026-03-21 19:25:15,BUY,Down,0.51,10.0,5.1,"Bitcoin Up or Down - March 21, 3:25PM-3:30PM ET"
1774121115,2026-03-21 19:25:15,BUY,Down,0.51,4.59,2.3409,"Bitcoin Up or Down - March 21, 3:25PM-3:30PM ET"
1774121115,2026-03-21 19:25:15,BUY,Up,0.53,99.43322,52.6996066,"Bitcoin Up or Down - March 21, 3:25PM-3:30PM ET"
1774121115,2026-03-21 19:25:15,BUY,Down,0.5,101.0,50.5,"Bitcoin Up or Down - March 21, 3:25PM-3:30PM ET"
1774121129,2026-03-21 19:25:29,BUY,Up,0.64,30.0,19.2,"Bitcoin Up or Down - March 21, 3:25PM-3:30PM ET"
1774121129,2026-03-21 19:25:29,BUY,Up,0.64,39.99,25.593600000000002,"Bitcoin Up or Down - March 21, 3:25PM-3:30PM ET"
1774121129,2026-03-21 19:25:29,BUY,Up,0.64,2.2,1.4080000000000001,"Bitcoin Up or Down - March 21, 3:25PM-3:30PM ET"
1774121129,2026-03-21 19:25:29,BUY,Up,0.64,5.0,3.2,"Bitcoin Up or Down - March 21, 3:25PM-3:30PM ET"
1774121129,2026-03-21 19:25:29,BUY,Up,0.64000054000054,1.11111,0.7111109999999999,"Bitcoin Up or Down - March 21, 3:25PM-3:30PM ET"
1774121131,2026-03-21 19:25:31,BUY,Up,0.64,19.88,12.7232,"Bitcoin Up or Down - March 21, 3:25PM-3:30PM ET"
1774121155,2026-03-21 19:25:55,BUY,Down,0.17,11.61,1.9737,"Ethereum Up or Down - March 21, 3:25PM-3:30PM ET"
1774121155,2026-03-21 19:25:55,BUY,Down,0.17,12.0,2.04,"Ethereum Up or Down - March 21, 3:25PM-3:30PM ET"
1774121155,2026-03-21 19:25:55,BUY,Down,0.17000000697479206,11.469876,1.949879,"Ethereum Up or Down - March 21, 3:25PM-3:30PM ET"
1774121157,2026-03-21 19:25:57,BUY,Down,0.17,41.92,7.126400000000001,"Ethereum Up or Down - March 21, 3:25PM-3:30PM ET"
1774121157,2026-03-21 19:25:57,BUY,Down,0.16,34.84195,5.574712,"Ethereum Up or Down - March 21, 3:15PM-3:30PM ET"
1774121157,2026-03-21 19:25:57,BUY,Down,0.17,12.0,2.04,"Ethereum Up or Down - March 21, 3:25PM-3:30PM ET"
1774121157,2026-03-21 19:25:57,BUY,Up,0.74,101.0,74.74,"Bitcoin Up or Down - March 21, 3:25PM-3:30PM ET"
1774121157,2026-03-21 19:25:57,BUY,Down,0.17,12.0,2.04,"Ethereum Up or Down - March 21, 3:25PM-3:30PM ET"
1774121159,2026-03-21 19:25:59,BUY,Down,0.2600000348821767,4.013511,1.043513,"Ethereum Up or Down - March 21, 3:25PM-3:30PM ET"
1774121159,2026-03-21 19:25:59,BUY,Up,0.72,78.07,56.21039999999999,"Bitcoin Up or Down - March 21, 3:25PM-3:30PM ET"
1774121159,2026-03-21 19:25:59,BUY,Up,0.720000156800069,3.571427,2.571428,"Bitcoin Up or Down - March 21, 3:25PM-3:30PM ET"
1774121159,2026-03-21 19:25:59,BUY,Down,0.26000001591398386,11.310807,2.9408100000000004,"Ethereum Up or Down - March 21, 3:25PM-3:30PM ET"
1774121159,2026-03-21 19:25:59,BUY,Down,0.27,7.0,1.8900000000000001,"Ethereum Up or Down - March 21, 3:25PM-3:30PM ET"
1774121159,2026-03-21 19:25:59,BUY,Up,0.73,101.0,73.73,"Bitcoin Up or Down - March 21, 3:25PM-3:30PM ET"
1774121159,2026-03-21 19:25:59,BUY,Down,0.27,15.0,4.050000000000001,"Ethereum Up or Down - March 21, 3:25PM-3:30PM ET"
1774121159,2026-03-21 19:25:59,BUY,Down,0.28227722772277225,99.96361,28.217450703960395,"Ethereum Up or Down - March 21, 3:25PM-3:30PM ET"
1774121159,2026-03-21 19:25:59,BUY,Down,0.2830247524752475,99.96028,28.291233504356434,"Ethereum Up or Down - March 21, 3:25PM-3:30PM ET"
1774121159,2026-03-21 19:25:59,BUY,Up,0.72,2.41,1.7352,"Bitcoin Up or Down - March 21, 3:25PM-3:30PM ET"
1774121159,2026-03-21 19:25:59,BUY,Down,0.2911089108910891,99.9247,29.088970588118812,"Ethereum Up or Down - March 21, 3:25PM-3:30PM ET"
1774121159,2026-03-21 19:25:59,BUY,Up,0.7200000354221165,16.93857,12.195770999999999,"Bitcoin Up or Down - March 21, 3:25PM-3:30PM ET"
1774121159,2026-03-21 19:25:59,BUY,Down,0.26000001852895394,8.635134,2.2451350000000003,"Ethereum Up or Down - March 21, 3:25PM-3:30PM ET"
1774121159,2026-03-21 19:25:59,BUY,Down,0.27,25.0,6.75,"Ethereum Up or Down - March 21, 3:25PM-3:30PM ET"
1774121159,2026-03-21 19:25:59,BUY,Down,0.1400000186956599,5.348835,0.748837,"Ethereum Up or Down - March 21, 3:15PM-3:30PM ET"
1774121159,2026-03-21 19:25:59,BUY,Down,0.27,23.06,6.2262,"Ethereum Up or Down - March 21, 3:25PM-3:30PM ET"
1774121159,2026-03-21 19:25:59,BUY,Down,0.2700000173809585,10.931503,2.951506,"Ethereum Up or Down - March 21, 3:25PM-3:30PM ET"
1774121159,2026-03-21 19:25:59,BUY,Down,0.27,20.0,5.4,"Ethereum Up or Down - March 21, 3:25PM-3:30PM ET"
1774121161,2026-03-21 19:26:01,BUY,Down,0.26000005285719574,3.78378,0.9837830000000002,"Ethereum Up or Down - March 21, 3:25PM-3:30PM ET"
1774121161,2026-03-21 19:26:01,BUY,Down,0.26,1.35135,0.351351,"Ethereum Up or Down - March 21, 3:25PM-3:30PM ET"
1774121161,2026-03-21 19:26:01,BUY,Down,0.26,2.7027,0.702702,"Ethereum Up or Down - March 21, 3:25PM-3:30PM ET"
1774121163,2026-03-21 19:26:03,BUY,Down,0.3100000414000389,1.449274,0.449275,"Bitcoin Up or Down - March 21, 3:25PM-3:30PM ET"
1774121163,2026-03-21 19:26:03,BUY,Down,0.31000000867318483,20.753622,6.433623,"Bitcoin Up or Down - March 21, 3:25PM-3:30PM ET"
1774121163,2026-03-21 19:26:03,BUY,Down,0.26,69.16,17.9816,"Ethereum Up or Down - March 21, 3:25PM-3:30PM ET"
1774121165,2026-03-21 19:26:05,BUY,Down,0.31000001774286684,5.072461,1.572463,"Bitcoin Up or Down - March 21, 3:25PM-3:30PM ET"
1774121165,2026-03-21 19:26:05,BUY,Down,0.31,19.25,5.9675,"Bitcoin Up or Down - March 21, 3:25PM-3:30PM ET"
1774121165,2026-03-21 19:26:05,BUY,Down,0.3100000842254209,3.086954,0.956956,"Bitcoin Up or Down - March 21, 3:25PM-3:30PM ET"
1774121165,2026-03-21 19:26:05,BUY,Down,0.31,37.0,11.47,"Bitcoin Up or Down - March 21, 3:25PM-3:30PM ET"
1774121169,2026-03-21 19:26:09,BUY,Down,0.37000002025000656,8.888886,3.2888879999999996,"Bitcoin Up or Down - March 21, 3:25PM-3:30PM ET"
1774121169,2026-03-21 19:26:09,BUY,Down,0.3700000951129889,2.838729,1.05033,"Bitcoin Up or Down - March 21, 3:25PM-3:30PM ET"
1774121169,2026-03-21 19:26:09,BUY,Down,0.37,43.0,15.91,"Bitcoin Up or Down - March 21, 3:15PM-3:30PM ET"
1774121171,2026-03-21 19:26:11,BUY,Down,0.37,39.71,14.6927,"Bitcoin Up or Down - March 21, 3:25PM-3:30PM ET"
1774121171,2026-03-21 19:26:11,BUY,Down,0.37,5.0,1.85,"Bitcoin Up or Down - March 21, 3:25PM-3:30PM ET"
1774121171,2026-03-21 19:26:11,BUY,Down,0.37,1.5873,0.587301,"Bitcoin Up or Down - March 21, 3:25PM-3:30PM ET"
1774121171,2026-03-21 19:26:11,BUY,Down,0.37000001197000215,15.873013,5.873015,"Bitcoin Up or Down - March 21, 3:25PM-3:30PM ET"
1774121171,2026-03-21 19:26:11,BUY,Down,0.37,15.0,5.55,"Bitcoin Up or Down - March 21, 3:25PM-3:30PM ET"
1774121171,2026-03-21 19:26:11,BUY,Down,0.37,3.69,1.3653,"Bitcoin Up or Down - March 21, 3:25PM-3:30PM ET"
1774121171,2026-03-21 19:26:11,BUY,Down,0.37,1.5873,0.587301,"Bitcoin Up or Down - March 21, 3:25PM-3:30PM ET"
1774121171,2026-03-21 19:26:11,BUY,Down,0.37,1.5873,0.587301,"Bitcoin Up or Down - March 21, 3:25PM-3:30PM ET"
1774121171,2026-03-21 19:26:11,BUY,Down,0.37,3.0,1.1099999999999999,"Bitcoin Up or Down - March 21, 3:25PM-3:30PM ET"
1774121171,2026-03-21 19:26:11,BUY,Down,0.37,2.22,0.8214,"Bitcoin Up or Down - March 21, 3:25PM-3:30PM ET"
1774121175,2026-03-21 19:26:15,BUY,Up,0.64,4.75,3.04,"Ethereum Up or Down - March 21, 3:25PM-3:30PM ET"
1774121175,2026-03-21 19:26:15,SELL,Down,0.32,17.34375,5.55,"Bitcoin Up or Down - March 21, 3:15PM-3:30PM ET"
1774121175,2026-03-21 19:26:15,BUY,Up,0.6400000113744081,35.166665,22.506666,"Ethereum Up or Down - March 21, 3:25PM-3:30PM ET"
1774121175,2026-03-21 19:26:15,SELL,Down,0.29,8.0,2.32,"Bitcoin Up or Down - March 21, 3:15PM-3:30PM ET"
1774121175,2026-03-21 19:26:15,BUY,Up,0.64,11.25,7.2,"Ethereum Up or Down - March 21, 3:25PM-3:30PM ET"
1774121175,2026-03-21 19:26:15,SELL,Down,0.32,2.71,0.8672,"Bitcoin Up or Down - March 21, 3:15PM-3:30PM ET"
1774121175,2026-03-21 19:26:15,BUY,Up,0.6400000460465192,9.555554,6.1155550000000005,"Ethereum Up or Down - March 21, 3:25PM-3:30PM ET"
1774121175,2026-03-21 19:26:15,BUY,Up,0.6400000499009956,11.222221,7.182222,"Ethereum Up or Down - March 21, 3:25PM-3:30PM ET"
1774121175,2026-03-21 19:26:15,SELL,Down,0.32,20.0,6.4,"Bitcoin Up or Down - March 21, 3:15PM-3:30PM ET"
1774121175,2026-03-21 19:26:15,BUY,Up,0.6400000778078094,7.197221,4.606222,"Ethereum Up or Down - March 21, 3:25PM-3:30PM ET"
1774121175,2026-03-21 19:26:15,SELL,Down,0.35,26.74,9.358999999999998,"Ethereum Up or Down - March 21, 3:25PM-3:30PM ET"
1774121175,2026-03-21 19:26:15,BUY,Up,0.6400000403361412,9.916665,6.346666,"Ethereum Up or Down - March 21, 3:25PM-3:30PM ET"
1774121175,2026-03-21 19:26:15,BUY,Up,0.6400000335664383,11.916665,7.626666,"Ethereum Up or Down - March 21, 3:25PM-3:30PM ET"
1774121175,2026-03-21 19:26:15,SELL,Down,0.34,101.0,34.34,"Ethereum Up or Down - March 21, 3:25PM-3:30PM ET"
1774121175,2026-03-21 19:26:15,SELL,Down,0.32,2.9375,0.9400000000000001,"Bitcoin Up or Down - March 21, 3:15PM-3:30PM ET"
1774121175,2026-03-21 19:26:15,SELL,Down,0.29,35.0,10.149999999999999,"Bitcoin Up or Down - March 21, 3:15PM-3:30PM ET"
1774121175,2026-03-21 19:26:15,SELL,Down,0.28,25.0,7.000000000000001,"Bitcoin Up or Down - March 21, 3:15PM-3:30PM ET"
1774121175,2026-03-21 19:26:15,SELL,Down,0.34999991101693406,6.742856,2.3599989999999997,"Ethereum Up or Down - March 21, 3:25PM-3:30PM ET"
1774121175,2026-03-21 19:26:15,SELL,Down,0.35,57.47,20.1145,"Ethereum Up or Down - March 21, 3:25PM-3:30PM ET"
1774121175,2026-03-21 19:26:15,SELL,Down,0.28,18.0,5.040000000000001,"Bitcoin Up or Down - March 21, 3:15PM-3:30PM ET"
1774121175,2026-03-21 19:26:15,SELL,Down,0.35,10.04,3.5139999999999993,"Ethereum Up or Down - March 21, 3:25PM-3:30PM ET"
1774121179,2026-03-21 19:26:19,BUY,Up,0.63,1.33,0.8379000000000001,"Ethereum Up or Down - March 21, 3:25PM-3:30PM ET"
1774121179,2026-03-21 19:26:19,BUY,Up,0.6300001129473934,5.135134,3.235135,"Ethereum Up or Down - March 21, 3:25PM-3:30PM ET"
1774121179,2026-03-21 19:26:19,BUY,Up,0.69,62.51,43.131899999999995,"Bitcoin Up or Down - March 21, 3:25PM-3:30PM ET"
1774121179,2026-03-21 19:26:19,BUY,Up,0.63,8.27,5.2101,"Ethereum Up or Down - March 21, 3:25PM-3:30PM ET"
1774121179,2026-03-21 19:26:19,BUY,Up,0.6300000284194998,18.297296,11.527296999999999,"Ethereum Up or Down - March 21, 3:25PM-3:30PM ET"
1774121179,2026-03-21 19:26:19,BUY,Up,0.69,35.23,24.308699999999995,"Bitcoin Up or Down - March 21, 3:25PM-3:30PM ET"
1774121179,2026-03-21 19:26:19,BUY,Up,0.6300000195458766,29.162161,18.372162,"Ethereum Up or Down - March 21, 3:25PM-3:30PM ET"
1774121179,2026-03-21 19:26:19,BUY,Up,0.6300000187341797,14.945944,9.415945,"Ethereum Up or Down - March 21, 3:25PM-3:30PM ET"
1774121179,2026-03-21 19:26:19,BUY,Up,0.6300000134240373,23.837836,15.017837,"Ethereum Up or Down - March 21, 3:25PM-3:30PM ET"
1774121187,2026-03-21 19:26:27,BUY,Down,0.35,8.82,3.0869999999999997,"Bitcoin Up or Down - March 21, 3:25PM-3:30PM ET"
1774121187,2026-03-21 19:26:27,BUY,Down,0.3500000382353031,5.230768,1.830769,"Bitcoin Up or Down - March 21, 3:25PM-3:30PM ET"
1774121187,2026-03-21 19:26:27,BUY,Down,0.3500000037477975,66.705845,23.347046,"Bitcoin Up or Down - March 21, 3:25PM-3:30PM ET"
1774121187,2026-03-21 19:26:27,BUY,Down,0.35,8.0,2.8,"Bitcoin Up or Down - March 21, 3:25PM-3:30PM ET"
1774121187,2026-03-21 19:26:27,BUY,Down,0.35,9.0,3.15,"Bitcoin Up or Down - March 21, 3:25PM-3:30PM ET"
1774121187,2026-03-21 19:26:27,BUY,Down,0.35,3.23,1.1304999999999998,"Bitcoin Up or Down - March 21, 3:25PM-3:30PM ET"
1774121211,2026-03-21 19:26:51,BUY,Up,0.6712693069306931,99.77049,66.97286767443565,"Bitcoin Up or Down - March 21, 3:25PM-3:30PM ET"
1774121211,2026-03-21 19:26:51,BUY,Up,0.67,31.25,20.9375,"Bitcoin Up or Down - March 21, 3:25PM-3:30PM ET"
1774121211,2026-03-21 19:26:51,BUY,Up,0.662160396039604,99.73641,66.04150074516832,"Bitcoin Up or Down - March 21, 3:25PM-3:30PM ET"
1774121211,2026-03-21 19:26:51,BUY,Up,0.67,19.23,12.884100000000002,"Bitcoin Up or Down - March 21, 3:25PM-3:30PM ET"
1774121215,2026-03-21 19:26:55,BUY,Up,0.6700000104788884,35.309089,23.65709,"Bitcoin Up or Down - March 21, 3:25PM-3:30PM ET"
1774121217,2026-03-21 19:26:57,BUY,Up,0.67,15.21,10.190700000000001,"Bitcoin Up or Down - March 21, 3:25PM-3:30PM ET"
1774121219,2026-03-21 19:26:59,BUY,Down,0.31,33.6111,10.419441,"Ethereum Up or Down - March 21, 3:15PM-3:30PM ET"
1774121219,2026-03-21 19:26:59,BUY,Down,0.45,12.0,5.4,"Ethereum Up or Down - March 21, 3:25PM-3:30PM ET"
1774121219,2026-03-21 19:26:59,BUY,Down,0.41,12.04,4.936399999999999,"Ethereum Up or Down - March 21, 3:25PM-3:30PM ET"
1774121219,2026-03-21 19:26:59,BUY,Down,0.45,12.96,5.832000000000001,"Ethereum Up or Down - March 21, 3:25PM-3:30PM ET"
1774121219,2026-03-21 19:26:59,BUY,Down,0.45,25.0,11.25,"Ethereum Up or Down - March 21, 3:25PM-3:30PM ET"
1774121219,2026-03-21 19:26:59,BUY,Down,0.45,38.86,17.487000000000002,"Ethereum Up or Down - March 21, 3:25PM-3:30PM ET"
1774121219,2026-03-21 19:26:59,BUY,Down,0.45,12.0,5.4,"Ethereum Up or Down - March 21, 3:25PM-3:30PM ET"
1774121219,2026-03-21 19:26:59,BUY,Down,0.46,99.44202,45.743329200000005,"Ethereum Up or Down - March 21, 3:25PM-3:30PM ET"
1774121219,2026-03-21 19:26:59,BUY,Down,0.45,0.17725,0.0797625,"Ethereum Up or Down - March 21, 3:25PM-3:30PM ET"
1774121219,2026-03-21 19:26:59,BUY,Down,0.3,30.8,9.24,"Ethereum Up or Down - March 21, 3:15PM-3:30PM ET"
1774121219,2026-03-21 19:26:59,BUY,Down,0.300000062511213,3.199426,0.959828,"Ethereum Up or Down - March 21, 3:15PM-3:30PM ET"
1774121219,2026-03-21 19:26:59,BUY,Down,0.4,18.3,7.32,"Ethereum Up or Down - March 21, 3:25PM-3:30PM ET"
1774121219,2026-03-21 19:26:59,BUY,Down,0.32,10.0,3.2,"Ethereum Up or Down - March 21, 3:15PM-3:30PM ET"
1774121219,2026-03-21 19:26:59,BUY,Down,0.32,12.0,3.84,"Ethereum Up or Down - March 21, 3:15PM-3:30PM ET"
1774121221,2026-03-21 19:27:01,BUY,Down,0.32,12.0,3.84,"Ethereum Up or Down - March 21, 3:15PM-3:30PM ET"
1774121221,2026-03-21 19:27:01,BUY,Up,0.56,21.0,11.760000000000002,"Bitcoin Up or Down - March 21, 3:25PM-3:30PM ET"
1774121221,2026-03-21 19:27:01,BUY,Up,0.56,21.0,11.760000000000002,"Bitcoin Up or Down - March 21, 3:25PM-3:30PM ET"
1774121221,2026-03-21 19:27:01,BUY,Up,0.53,5.27686,2.7967358,"Bitcoin Up or Down - March 21, 3:25PM-3:30PM ET"
1774121221,2026-03-21 19:27:01,BUY,Up,0.38,20.0,7.6,"Bitcoin Up or Down - March 21, 3:15PM-3:30PM ET"
1774121221,2026-03-21 19:27:01,BUY,Down,0.57,12.0,6.84,"Bitcoin Up or Down - March 21, 3:15PM-3:30PM ET"
1774121221,2026-03-21 19:27:01,BUY,Down,0.59,5.0,2.9499999999999997,"Bitcoin Up or Down - March 21, 3:15PM-3:30PM ET"
1774121221,2026-03-21 19:27:01,BUY,Down,0.57,14.82,8.4474,"Bitcoin Up or Down - March 21, 3:15PM-3:30PM ET"
1774121221,2026-03-21 19:27:01,BUY,Down,0.59,15.18,8.956199999999999,"Bitcoin Up or Down - March 21, 3:15PM-3:30PM ET"
1774121221,2026-03-21 19:27:01,BUY,Down,0.2900000137555905,9.450703,2.7407040000000005,"Ethereum Up or Down - March 21, 3:15PM-3:30PM ET"
1774121221,2026-03-21 19:27:01,BUY,Up,0.39,9.69,3.7791,"Bitcoin Up or Down - March 21, 3:15PM-3:30PM ET"
1774121221,2026-03-21 19:27:01,BUY,Down,0.5900000971052912,4.634145,2.734146,"Bitcoin Up or Down - March 21, 3:15PM-3:30PM ET"
1774121221,2026-03-21 19:27:01,BUY,Down,0.59,12.0,7.08,"Bitcoin Up or Down - March 21, 3:15PM-3:30PM ET"
1774121221,2026-03-21 19:27:01,BUY,Down,0.5900000367164255,8.17073,4.820731,"Bitcoin Up or Down - March 21, 3:15PM-3:30PM ET"
1774121221,2026-03-21 19:27:01,BUY,Up,0.38,17.0,6.46,"Bitcoin Up or Down - March 21, 3:15PM-3:30PM ET"
1774121221,2026-03-21 19:27:01,BUY,Up,0.38,8.0,3.04,"Bitcoin Up or Down - March 21, 3:15PM-3:30PM ET"
1774121221,2026-03-21 19:27:01,BUY,Down,0.62,44.37555,27.512840999999998,"Bitcoin Up or Down - March 21, 3:15PM-3:30PM ET"
1774121221,2026-03-21 19:27:01,BUY,Down,0.29,7.04,2.0416,"Ethereum Up or Down - March 21, 3:15PM-3:30PM ET"
1774121221,2026-03-21 19:27:01,BUY,Down,0.6106666666666667,44.36408,27.091664853333334,"Bitcoin Up or Down - March 21, 3:15PM-3:30PM ET"
1774121221,2026-03-21 19:27:01,BUY,Up,0.39,15.31,5.9709,"Bitcoin Up or Down - March 21, 3:15PM-3:30PM ET"
1774121221,2026-03-21 19:27:01,BUY,Up,0.39,20.0,7.800000000000001,"Bitcoin Up or Down - March 21, 3:15PM-3:30PM ET"
1774121221,2026-03-21 19:27:01,BUY,Down,0.2900000359733411,5.281689,1.53169,"Ethereum Up or Down - March 21, 3:15PM-3:30PM ET"
1774121221,2026-03-21 19:27:01,BUY,Down,0.59,44.3417,26.161603,"Bitcoin Up or Down - March 21, 3:15PM-3:30PM ET"
1774121221,2026-03-21 19:27:01,BUY,Down,0.58,44.33242,25.712803599999997,"Bitcoin Up or Down - March 21, 3:15PM-3:30PM ET"
1774121221,2026-03-21 19:27:01,BUY,Down,0.29000002256183016,9.750982,2.827785,"Ethereum Up or Down - March 21, 3:15PM-3:30PM ET"
1774121221,2026-03-21 19:27:01,BUY,Down,0.58,44.33242,25.712803599999997,"Bitcoin Up or Down - March 21, 3:15PM-3:30PM ET"
1774121221,2026-03-21 19:27:01,BUY,Down,0.29000011210531923,2.140844,0.620845,"Ethereum Up or Down - March 21, 3:15PM-3:30PM ET"
1774121221,2026-03-21 19:27:01,BUY,Down,0.58,44.33242,25.712803599999997,"Bitcoin Up or Down - March 21, 3:15PM-3:30PM ET"
1774121221,2026-03-21 19:27:01,BUY,Down,0.4497148514851485,99.45364000000001,44.72577894225743,"Ethereum Up or Down - March 21, 3:25PM-3:30PM ET"
1774121223,2026-03-21 19:27:03,SELL,Up,0.4752881188118812,101.0,48.0041,"Bitcoin Up or Down - March 21, 3:25PM-3:30PM ET"
1774121223,2026-03-21 19:27:03,BUY,Down,0.53,4.44,2.3532,"Bitcoin Up or Down - March 21, 3:25PM-3:30PM ET"
1774121223,2026-03-21 19:27:03,BUY,Down,0.5,5.0,2.5,"Bitcoin Up or Down - March 21, 3:25PM-3:30PM ET"
1774121223,2026-03-21 19:27:03,BUY,Down,0.5,1.09,0.545,"Bitcoin Up or Down - March 21, 3:25PM-3:30PM ET"
1774121223,2026-03-21 19:27:03,BUY,Down,0.5,1.09,0.545,"Bitcoin Up or Down - March 21, 3:25PM-3:30PM ET"
1774121223,2026-03-21 19:27:03,BUY,Down,0.5,26.65,13.325,"Bitcoin Up or Down - March 21, 3:25PM-3:30PM ET"
1774121223,2026-03-21 19:27:03,BUY,Down,0.5300001222000904,2.127658,1.127659,"Bitcoin Up or Down - March 21, 3:25PM-3:30PM ET"
1774121223,2026-03-21 19:27:03,SELL,Up,0.45,101.0,45.45,"Bitcoin Up or Down - March 21, 3:25PM-3:30PM ET"
1774121223,2026-03-21 19:27:03,BUY,Down,0.53,5.0,2.6500000000000004,"Bitcoin Up or Down - March 21, 3:25PM-3:30PM ET"
1774121223,2026-03-21 19:27:03,BUY,Down,0.5300001222000904,2.127658,1.127659,"Bitcoin Up or Down - March 21, 3:25PM-3:30PM ET"
1774121223,2026-03-21 19:27:03,BUY,Down,0.5300000159863952,28.148935,14.918936,"Bitcoin Up or Down - March 21, 3:25PM-3:30PM ET"
1774121223,2026-03-21 19:27:03,BUY,Down,0.53,18.0,9.540000000000001,"Bitcoin Up or Down - March 21, 3:25PM-3:30PM ET"
1774121223,2026-03-21 19:27:03,BUY,Down,0.53,5.0,2.6500000000000004,"Bitcoin Up or Down - March 21, 3:25PM-3:30PM ET"
1774121223,2026-03-21 19:27:03,SELL,Up,0.45,101.0,45.45,"Bitcoin Up or Down - March 21, 3:25PM-3:30PM ET"
1774121223,2026-03-21 19:27:03,BUY,Down,0.5300000235000014,19.148935,10.148936,"Bitcoin Up or Down - March 21, 3:25PM-3:30PM ET"
1774121223,2026-03-21 19:27:03,BUY,Down,0.53,5.0,2.6500000000000004,"Bitcoin Up or Down - March 21, 3:25PM-3:30PM ET"
1774121223,2026-03-21 19:27:03,BUY,Down,0.53,2.0,1.06,"Bitcoin Up or Down - March 21, 3:25PM-3:30PM ET"
1774121223,2026-03-21 19:27:03,BUY,Down,0.53,5.0,2.6500000000000004,"Bitcoin Up or Down - March 21, 3:25PM-3:30PM ET"
1774121223,2026-03-21 19:27:03,SELL,Up,0.45887920792079206,101.0,46.3468,"Bitcoin Up or Down - March 21, 3:25PM-3:30PM ET"
1774121223,2026-03-21 19:27:03,BUY,Down,0.5,25.88,12.94,"Bitcoin Up or Down - March 21, 3:25PM-3:30PM ET"
1774121223,2026-03-21 19:27:03,BUY,Down,0.53,5.0,2.6500000000000004,"Bitcoin Up or Down - March 21, 3:25PM-3:30PM ET"
1774121223,2026-03-21 19:27:03,BUY,Down,0.5,6.0,3.0,"Bitcoin Up or Down - March 21, 3:25PM-3:30PM ET"
1774121223,2026-03-21 19:27:03,SELL,Up,0.4666683168316832,101.0,47.133500000000005,"Bitcoin Up or Down - March 21, 3:25PM-3:30PM ET"
1774121223,2026-03-21 19:27:03,SELL,Up,0.45,101.0,45.45,"Bitcoin Up or Down - March 21, 3:25PM-3:30PM ET"
1774121223,2026-03-21 19:27:03,BUY,Up,0.5058415841584158,99.42231,50.29193879108911,"Bitcoin Up or Down - March 21, 3:25PM-3:30PM ET"
1774121223,2026-03-21 19:27:03,SELL,Up,0.46,101.0,46.46,"Bitcoin Up or Down - March 21, 3:25PM-3:30PM ET"
1774121223,2026-03-21 19:27:03,SELL,Up,0.47,101.0,47.47,"Bitcoin Up or Down - March 21, 3:25PM-3:30PM ET"
1774121223,2026-03-21 19:27:03,BUY,Down,0.57,18.18,10.362599999999999,"Bitcoin Up or Down - March 21, 3:15PM-3:30PM ET"
1774121223,2026-03-21 19:27:03,SELL,Up,0.47207920792079205,101.0,47.68,"Bitcoin Up or Down - March 21, 3:25PM-3:30PM ET"
1774121223,2026-03-21 19:27:03,BUY,Down,0.49,2.11,1.0338999999999998,"Bitcoin Up or Down - March 21, 3:25PM-3:30PM ET"
1774121223,2026-03-21 19:27:03,BUY,Down,0.49,8.0,3.92,"Bitcoin Up or Down - March 21, 3:25PM-3:30PM ET"
1774121223,2026-03-21 19:27:03,BUY,Down,0.49,50.0,24.5,"Bitcoin Up or Down - March 21, 3:25PM-3:30PM ET"
1774121223,2026-03-21 19:27:03,BUY,Down,0.49,15.0,7.35,"Bitcoin Up or Down - March 21, 3:25PM-3:30PM ET"
1774121223,2026-03-21 19:27:03,BUY,Down,0.49,15.0,7.35,"Bitcoin Up or Down - March 21, 3:25PM-3:30PM ET"
1774121223,2026-03-21 19:27:03,BUY,Down,0.4900000017000006,5.882351,2.882352,"Bitcoin Up or Down - March 21, 3:25PM-3:30PM ET"
1774121223,2026-03-21 19:27:03,BUY,Up,0.56,53.64,30.038400000000003,"Bitcoin Up or Down - March 21, 3:25PM-3:30PM ET"
1774121223,2026-03-21 19:27:03,BUY,Down,0.5155801980198019,99.42494,51.26153025330693,"Bitcoin Up or Down - March 21, 3:25PM-3:30PM ET"
1774121223,2026-03-21 19:27:03,BUY,Down,0.49,5.0,2.45,"Bitcoin Up or Down - March 21, 3:25PM-3:30PM ET"
1774121225,2026-03-21 19:27:05,BUY,Down,0.5,35.29,17.645,"Bitcoin Up or Down - March 21, 3:25PM-3:30PM ET"
1774121225,2026-03-21 19:27:05,BUY,Down,0.2700000189610483,5.27397,1.423972,"Ethereum Up or Down - March 21, 3:25PM-3:30PM ET"
1774121225,2026-03-21 19:27:05,BUY,Up,0.48,53.15895,25.516295999999997,"Bitcoin Up or Down - March 21, 3:15PM-3:30PM ET"
1774121225,2026-03-21 19:27:05,BUY,Up,0.51,28.4488,14.508887999999999,"Bitcoin Up or Down - March 21, 3:25PM-3:30PM ET"
1774121225,2026-03-21 19:27:05,BUY,Down,0.52,45.0,23.400000000000002,"Bitcoin Up or Down - March 21, 3:15PM-3:30PM ET"
1774121225,2026-03-21 19:27:05,BUY,Down,0.2700000044032748,31.794518,8.584520000000001,"Ethereum Up or Down - March 21, 3:25PM-3:30PM ET"
1774121227,2026-03-21 19:27:07,BUY,Up,0.51,5.56,2.8356,"Bitcoin Up or Down - March 21, 3:25PM-3:30PM ET"
1774121227,2026-03-21 19:27:07,BUY,Up,0.5300001081000292,4.255318,2.255319,"Bitcoin Up or Down - March 21, 3:25PM-3:30PM ET"
1774121227,2026-03-21 19:27:07,BUY,Up,0.54,99.44202,53.6986908,"Bitcoin Up or Down - March 21, 3:25PM-3:30PM ET"
1774121227,2026-03-21 19:27:07,BUY,Up,0.53,5.0,2.6500000000000004,"Bitcoin Up or Down - March 21, 3:25PM-3:30PM ET"
1774121227,2026-03-21 19:27:07,BUY,Up,0.53,21.74,11.5222,"Bitcoin Up or Down - March 21, 3:25PM-3:30PM ET"
1774121227,2026-03-21 19:27:07,BUY,Up,0.53,70.0,37.1,"Bitcoin Up or Down - March 21, 3:25PM-3:30PM ET"
1774121229,2026-03-21 19:27:09,SELL,Down,0.389999868749918,2.666665,1.0399990000000001,"Bitcoin Up or Down - March 21, 3:25PM-3:30PM ET"
1774121229,2026-03-21 19:27:09,SELL,Down,0.39,5.0,1.9500000000000002,"Bitcoin Up or Down - March 21, 3:25PM-3:30PM ET"
1774121229,2026-03-21 19:27:09,SELL,Down,0.3899999794993727,20.487178,7.989998999999999,"Bitcoin Up or Down - March 21, 3:25PM-3:30PM ET"
1774121229,2026-03-21 19:27:09,SELL,Down,0.3899998478999072,2.564101,0.999999,"Bitcoin Up or Down - March 21, 3:25PM-3:30PM ET"
1774121229,2026-03-21 19:27:09,SELL,Down,0.39,2.68,1.0452000000000001,"Bitcoin Up or Down - March 21, 3:25PM-3:30PM ET"
1774121229,2026-03-21 19:27:09,SELL,Down,0.38,5.0,1.9,"Bitcoin Up or Down - March 21, 3:25PM-3:30PM ET"
1774121229,2026-03-21 19:27:09,SELL,Down,0.38,44.21,16.7998,"Bitcoin Up or Down - March 21, 3:25PM-3:30PM ET"
1774121229,2026-03-21 19:27:09,SELL,Down,0.39,5.0,1.9500000000000002,"Bitcoin Up or Down - March 21, 3:25PM-3:30PM ET"
1774121229,2026-03-21 19:27:09,SELL,Down,0.39,5.0,1.9500000000000002,"Bitcoin Up or Down - March 21, 3:25PM-3:30PM ET"
1774121229,2026-03-21 19:27:09,SELL,Down,0.39,4.69,1.8291000000000002,"Bitcoin Up or Down - March 21, 3:25PM-3:30PM ET"
1774121229,2026-03-21 19:27:09,SELL,Down,0.3799999011999269,2.631577,0.999999,"Bitcoin Up or Down - March 21, 3:25PM-3:30PM ET"
1774121229,2026-03-21 19:27:09,SELL,Down,0.38999998757218624,39.427691,15.376799,"Bitcoin Up or Down - March 21, 3:25PM-3:30PM ET"
1774121229,2026-03-21 19:27:09,SELL,Down,0.38,1.64,0.6232,"Bitcoin Up or Down - March 21, 3:25PM-3:30PM ET"
1774121229,2026-03-21 19:27:09,SELL,Down,0.38,37.0,14.06,"Bitcoin Up or Down - March 21, 3:25PM-3:30PM ET"
1774121229,2026-03-21 19:27:09,SELL,Down,0.3899999559130293,5.897434,2.2999989999999997,"Bitcoin Up or Down - March 21, 3:25PM-3:30PM ET"
1774121229,2026-03-21 19:27:09,SELL,Down,0.39,5.0,1.9500000000000002,"Bitcoin Up or Down - March 21, 3:25PM-3:30PM ET"
1774121229,2026-03-21 19:27:09,SELL,Down,0.3799999303333171,6.315788,2.399999,"Bitcoin Up or Down - March 21, 3:25PM-3:30PM ET"
1774121233,2026-03-21 19:27:13,SELL,Down,0.44,9.14,4.0216,"Bitcoin Up or Down - March 21, 3:15PM-3:30PM ET"
1774121233,2026-03-21 19:27:13,SELL,Down,0.44,16.2,7.128,"Bitcoin Up or Down - March 21, 3:15PM-3:30PM ET"
1774121233,2026-03-21 19:27:13,SELL,Down,0.44,3.66,1.6104,"Bitcoin Up or Down - March 21, 3:15PM-3:30PM ET"
1774121233,2026-03-21 19:27:13,SELL,Down,0.44,25.0,11.0,"Bitcoin Up or Down - March 21, 3:15PM-3:30PM ET"
1774121235,2026-03-21 19:27:15,SELL,Down,0.42,15.0,6.3,"Bitcoin Up or Down - March 21, 3:25PM-3:30PM ET"
1774121235,2026-03-21 19:27:15,SELL,Down,0.43,1.43,0.6149,"Bitcoin Up or Down - March 21, 3:25PM-3:30PM ET"
1774121235,2026-03-21 19:27:15,BUY,Down,0.46,0.6,0.276,"Bitcoin Up or Down - March 21, 3:15PM-3:30PM ET"
1774121235,2026-03-21 19:27:15,BUY,Down,0.42,31.59,13.2678,"Bitcoin Up or Down - March 21, 3:25PM-3:30PM ET"
1774121235,2026-03-21 19:27:15,BUY,Down,0.46,0.29,0.1334,"Bitcoin Up or Down - March 21, 3:15PM-3:30PM ET"
1774121235,2026-03-21 19:27:15,BUY,Down,0.46,0.04,0.0184,"Bitcoin Up or Down - March 21, 3:15PM-3:30PM ET"
1774121235,2026-03-21 19:27:15,BUY,Down,0.45,99.45328,44.753976,"Bitcoin Up or Down - March 21, 3:25PM-3:30PM ET"
1774121235,2026-03-21 19:27:15,BUY,Down,0.45,99.45328,44.753976,"Bitcoin Up or Down - March 21, 3:25PM-3:30PM ET"
1774121235,2026-03-21 19:27:15,BUY,Down,0.43,99.48314,42.7777502,"Bitcoin Up or Down - March 21, 3:25PM-3:30PM ET"
1774121235,2026-03-21 19:27:15,BUY,Down,0.44185247524752475,99.46428,43.94853831671287,"Bitcoin Up or Down - March 21, 3:25PM-3:30PM ET"
1774121235,2026-03-21 19:27:15,BUY,Down,0.42,2.68,1.1256,"Bitcoin Up or Down - March 21, 3:25PM-3:30PM ET"
1774121235,2026-03-21 19:27:15,BUY,Down,0.46,0.08,0.0368,"Bitcoin Up or Down - March 21, 3:15PM-3:30PM ET"
1774121235,2026-03-21 19:27:15,BUY,Down,0.42,2.29,0.9618,"Bitcoin Up or Down - March 21, 3:25PM-3:30PM ET"
1774121235,2026-03-21 19:27:15,BUY,Down,0.42,7.38,3.0995999999999997,"Bitcoin Up or Down - March 21, 3:25PM-3:30PM ET"
1774121235,2026-03-21 19:27:15,BUY,Down,0.42,5.0,2.1,"Bitcoin Up or Down - March 21, 3:25PM-3:30PM ET"
1774121235,2026-03-21 19:27:15,BUY,Down,0.46,47.25957,21.7394022,"Bitcoin Up or Down - March 21, 3:15PM-3:30PM ET"
1774121235,2026-03-21 19:27:15,SELL,Down,0.42,86.0,36.12,"Bitcoin Up or Down - March 21, 3:25PM-3:30PM ET"
1774121235,2026-03-21 19:27:15,BUY,Up,0.51,101.0,51.51,"Ethereum Up or Down - March 21, 3:25PM-3:30PM ET"
1774121235,2026-03-21 19:27:15,BUY,Up,0.52,101.0,52.52,"Ethereum Up or Down - March 21, 3:25PM-3:30PM ET"
1774121235,2026-03-21 19:27:15,SELL,Down,0.43,90.77,39.031099999999995,"Bitcoin Up or Down - March 21, 3:25PM-3:30PM ET"
1774121237,2026-03-21 19:27:17,BUY,Down,0.46,0.12,0.0552,"Bitcoin Up or Down - March 21, 3:15PM-3:30PM ET"
1774121237,2026-03-21 19:27:17,BUY,Down,0.46,1.57,0.7222000000000001,"Bitcoin Up or Down - March 21, 3:15PM-3:30PM ET"
1774121237,2026-03-21 19:27:17,BUY,Down,0.46,0.58,0.2668,"Bitcoin Up or Down - March 21, 3:15PM-3:30PM ET"
1774121237,2026-03-21 19:27:17,BUY,Down,0.46,0.18,0.0828,"Bitcoin Up or Down - March 21, 3:15PM-3:30PM ET"
1774121237,2026-03-21 19:27:17,BUY,Down,0.46,0.06,0.0276,"Bitcoin Up or Down - March 21, 3:15PM-3:30PM ET"
1774121237,2026-03-21 19:27:17,BUY,Down,0.46,2.35,1.0810000000000002,"Bitcoin Up or Down - March 21, 3:15PM-3:30PM ET"
1774121237,2026-03-21 19:27:17,BUY,Down,0.46,0.13,0.059800000000000006,"Bitcoin Up or Down - March 21, 3:15PM-3:30PM ET"
1774121241,2026-03-21 19:27:21,BUY,Down,0.42,1.03,0.4326,"Bitcoin Up or Down - March 21, 3:25PM-3:30PM ET"
1774121241,2026-03-21 19:27:21,BUY,Down,0.42,1.89655,0.7965509999999999,"Bitcoin Up or Down - March 21, 3:25PM-3:30PM ET"
1774121241,2026-03-21 19:27:21,BUY,Down,0.42000001288889005,15.51724,6.517241,"Bitcoin Up or Down - March 21, 3:25PM-3:30PM ET"
1774121241,2026-03-21 19:27:21,BUY,Down,0.42,0.37,0.15539999999999998,"Bitcoin Up or Down - March 21, 3:25PM-3:30PM ET"
1774121243,2026-03-21 19:27:23,BUY,Down,0.42,33.24,13.9608,"Bitcoin Up or Down - March 21, 3:25PM-3:30PM ET"
1774121245,2026-03-21 19:27:25,SELL,Down,0.36,11.0,3.96,"Bitcoin Up or Down - March 21, 3:15PM-3:30PM ET"
1774121245,2026-03-21 19:27:25,SELL,Down,0.38555555555555554,45.0,17.349999999999998,"Bitcoin Up or Down - March 21, 3:15PM-3:30PM ET"
1774121245,2026-03-21 19:27:25,SELL,Down,0.35,101.0,35.349999999999994,"Bitcoin Up or Down - March 21, 3:25PM-3:30PM ET"
1774121247,2026-03-21 19:27:27,SELL,Down,0.36,13.93,5.0148,"Bitcoin Up or Down - March 21, 3:15PM-3:30PM ET"
1774121247,2026-03-21 19:27:27,SELL,Down,0.36,12.0,4.32,"Bitcoin Up or Down - March 21, 3:15PM-3:30PM ET"
1774121247,2026-03-21 19:27:27,SELL,Down,0.36,4.07,1.4652,"Bitcoin Up or Down - March 21, 3:15PM-3:30PM ET"
1774121247,2026-03-21 19:27:27,SELL,Down,0.36,12.0,4.32,"Bitcoin Up or Down - March 21, 3:15PM-3:30PM ET"
1774121247,2026-03-21 19:27:27,SELL,Down,0.37,3.9,1.443,"Bitcoin Up or Down - March 21, 3:15PM-3:30PM ET"
1774121249,2026-03-21 19:27:29,SELL,Down,0.37,9.08,3.3596,"Bitcoin Up or Down - March 21, 3:15PM-3:30PM ET"
1774121253,2026-03-21 19:27:33,SELL,Down,0.35,12.0,4.199999999999999,"Ethereum Up or Down - March 21, 3:25PM-3:30PM ET"
1774121253,2026-03-21 19:27:33,SELL,Down,0.35999993772970684,5.138887,1.8499990000000002,"Ethereum Up or Down - March 21, 3:25PM-3:30PM ET"
1774121253,2026-03-21 19:27:33,SELL,Down,0.35,89.0,31.15,"Ethereum Up or Down - March 21, 3:25PM-3:30PM ET"
1774121255,2026-03-21 19:27:35,SELL,Down,0.36,19.25,6.93,"Ethereum Up or Down - March 21, 3:25PM-3:30PM ET"
1774121269,2026-03-21 19:27:49,SELL,Down,0.27,5.0,1.35,"Bitcoin Up or Down - March 21, 3:25PM-3:30PM ET"
1774121269,2026-03-21 19:27:49,SELL,Down,0.27,3.0,0.81,"Bitcoin Up or Down - March 21, 3:25PM-3:30PM ET"
1774121269,2026-03-21 19:27:49,SELL,Down,0.27,5.0,1.35,"Bitcoin Up or Down - March 21, 3:25PM-3:30PM ET"
1774121269,2026-03-21 19:27:49,SELL,Down,0.27,5.39,1.4553,"Bitcoin Up or Down - March 21, 3:25PM-3:30PM ET"
1774121269,2026-03-21 19:27:49,SELL,Down,0.27,5.0,1.35,"Bitcoin Up or Down - March 21, 3:25PM-3:30PM ET"
1774121269,2026-03-21 19:27:49,SELL,Down,0.27,5.0,1.35,"Bitcoin Up or Down - March 21, 3:25PM-3:30PM ET"
1774121269,2026-03-21 19:27:49,BUY,Up,0.7,30.0,21.0,"Bitcoin Up or Down - March 21, 3:15PM-3:30PM ET"
1774121269,2026-03-21 19:27:49,BUY,Up,0.71,50.0,35.5,"Bitcoin Up or Down - March 21, 3:15PM-3:30PM ET"
1774121269,2026-03-21 19:27:49,SELL,Down,0.28,50.0,14.000000000000002,"Bitcoin Up or Down - March 21, 3:15PM-3:30PM ET"
1774121269,2026-03-21 19:27:49,SELL,Down,0.27,17.2,4.644,"Bitcoin Up or Down - March 21, 3:25PM-3:30PM ET"
1774121269,2026-03-21 19:27:49,SELL,Down,0.26999998055999946,37.037036,9.999999,"Bitcoin Up or Down - March 21, 3:25PM-3:30PM ET"
1774121269,2026-03-21 19:27:49,SELL,Down,0.27,5.0,1.35,"Bitcoin Up or Down - March 21, 3:25PM-3:30PM ET"
1774121269,2026-03-21 19:27:49,SELL,Down,0.3284508133230054,64.55,21.2015,"Bitcoin Up or Down - March 21, 3:25PM-3:30PM ET"
1774121269,2026-03-21 19:27:49,BUY,Up,0.7000000447761261,11.166665,7.816666000000001,"Bitcoin Up or Down - March 21, 3:15PM-3:30PM ET"
1774121269,2026-03-21 19:27:49,SELL,Down,0.26999985419993294,3.703702,0.999999,"Bitcoin Up or Down - March 21, 3:25PM-3:30PM ET"
1774121271,2026-03-21 19:27:51,SELL,Down,0.27,9.66,2.6082,"Bitcoin Up or Down - March 21, 3:25PM-3:30PM ET"
1774121271,2026-03-21 19:27:51,BUY,Up,0.72,5.0,3.5999999999999996,"Bitcoin Up or Down - March 21, 3:25PM-3:30PM ET"
1774121275,2026-03-21 19:27:55,BUY,Up,0.7,4.24,2.968,"Bitcoin Up or Down - March 21, 3:15PM-3:30PM ET"
1774121293,2026-03-21 19:28:13,SELL,Down,0.32,36.45,11.664000000000001,"Bitcoin Up or Down - March 21, 3:25PM-3:30PM ET"
1774121293,2026-03-21 19:28:13,SELL,Down,0.39,101.0,39.39,"Bitcoin Up or Down - March 21, 3:25PM-3:30PM ET"
1774121293,2026-03-21 19:28:13,SELL,Down,0.37,101.0,37.37,"Bitcoin Up or Down - March 21, 3:25PM-3:30PM ET"
1774121293,2026-03-21 19:28:13,SELL,Down,0.36,101.0,36.36,"Bitcoin Up or Down - March 21, 3:25PM-3:30PM ET"
1774121293,2026-03-21 19:28:13,SELL,Down,0.35,101.0,35.349999999999994,"Bitcoin Up or Down - March 21, 3:25PM-3:30PM ET"
1774121293,2026-03-21 19:28:13,BUY,Up,0.66,101.0,66.66,"Bitcoin Up or Down - March 21, 3:25PM-3:30PM ET"
1774121311,2026-03-21 19:28:31,BUY,Up,0.8,25.68,20.544,"Bitcoin Up or Down - March 21, 3:15PM-3:30PM ET"
1774121319,2026-03-21 19:28:39,BUY,Up,0.79,38.0,30.020000000000003,"Bitcoin Up or Down - March 21, 3:15PM-3:30PM ET"
1774121319,2026-03-21 19:28:39,BUY,Up,0.8,38.0,30.400000000000002,"Bitcoin Up or Down - March 21, 3:15PM-3:30PM ET"
1774121321,2026-03-21 19:28:41,BUY,Down,0.31,5.0,1.55,"Ethereum Up or Down - March 21, 3:25PM-3:30PM ET"
1774121321,2026-03-21 19:28:41,BUY,Down,0.31,1.07,0.3317,"Ethereum Up or Down - March 21, 3:25PM-3:30PM ET"
1774121321,2026-03-21 19:28:41,BUY,Down,0.31,47.93,14.8583,"Ethereum Up or Down - March 21, 3:25PM-3:30PM ET"
1774121321,2026-03-21 19:28:41,BUY,Down,0.31,46.4624,14.403344,"Ethereum Up or Down - March 21, 3:25PM-3:30PM ET"
1774121327,2026-03-21 19:28:47,BUY,Down,0.41154257425742574,99.51912,40.956354832633664,"Bitcoin Up or Down - March 21, 3:25PM-3:30PM ET"
1774121337,2026-03-21 19:28:57,BUY,Down,0.47,5.91677,2.7808819,"Bitcoin Up or Down - March 21, 3:25PM-3:30PM ET"
1774121337,2026-03-21 19:28:57,BUY,Up,0.3,37.0,11.1,"Bitcoin Up or Down - March 21, 3:15PM-3:30PM ET"
1774121337,2026-03-21 19:28:57,BUY,Down,0.47,23.99,11.275299999999998,"Bitcoin Up or Down - March 21, 3:25PM-3:30PM ET"
1774121337,2026-03-21 19:28:57,BUY,Down,0.47,70.0,32.9,"Bitcoin Up or Down - March 21, 3:25PM-3:30PM ET"
1774121337,2026-03-21 19:28:57,BUY,Down,0.47,1.0,0.47,"Bitcoin Up or Down - March 21, 3:25PM-3:30PM ET"
1774121355,2026-03-21 19:29:15,BUY,Down,0.42,27.48,11.541599999999999,"Ethereum Up or Down - March 21, 3:25PM-3:30PM ET"
1774121355,2026-03-21 19:29:15,BUY,Down,0.4200000054407349,73.51948,30.878182000000002,"Ethereum Up or Down - March 21, 3:25PM-3:30PM ET"
1774121439,2026-03-21 19:30:39,BUY,Up,0.49,99.42314,48.7173386,"Ethereum Up or Down - March 21, 3:30PM-3:35PM ET"
1774121441,2026-03-21 19:30:41,BUY,Up,0.57,0.87,0.49589999999999995,"Bitcoin Up or Down - March 21, 3:30PM-3:35PM ET"
1774121441,2026-03-21 19:30:41,BUY,Up,0.57,10.24,5.836799999999999,"Bitcoin Up or Down - March 21, 3:30PM-3:35PM ET"
1774121441,2026-03-21 19:30:41,BUY,Up,0.5700000233580264,18.837208,10.737209000000002,"Bitcoin Up or Down - March 21, 3:30PM-3:35PM ET"
1774121441,2026-03-21 19:30:41,BUY,Up,0.570000049450019,4.651161,2.6511620000000002,"Bitcoin Up or Down - March 21, 3:30PM-3:35PM ET"
1774121441,2026-03-21 19:30:41,BUY,Up,0.57,5.0,2.8499999999999996,"Bitcoin Up or Down - March 21, 3:30PM-3:35PM ET"
1774121441,2026-03-21 19:30:41,BUY,Up,0.57,5.0,2.8499999999999996,"Bitcoin Up or Down - March 21, 3:30PM-3:35PM ET"
1774121441,2026-03-21 19:30:41,BUY,Up,0.570000021500001,25.116278,14.316279000000002,"Bitcoin Up or Down - March 21, 3:30PM-3:35PM ET"
1774121441,2026-03-21 19:30:41,BUY,Up,0.6224316831683169,99.60545,61.99758789623763,"Bitcoin Up or Down - March 21, 3:30PM-3:35PM ET"
1774121441,2026-03-21 19:30:41,BUY,Up,0.48000000233720347,68.457883,32.859784,"Ethereum Up or Down - March 21, 3:30PM-3:35PM ET"
1774121441,2026-03-21 19:30:41,BUY,Up,0.6109683168316832,99.57352,60.836265915405946,"Bitcoin Up or Down - March 21, 3:30PM-3:35PM ET"
1774121441,2026-03-21 19:30:41,BUY,Up,0.5951980198019802,99.53422,59.24257064653465,"Bitcoin Up or Down - March 21, 3:30PM-3:35PM ET"
1774121441,2026-03-21 19:30:41,BUY,Up,0.62,99.59844,61.7510328,"Bitcoin Up or Down - March 21, 3:30PM-3:35PM ET"
1774121443,2026-03-21 19:30:43,BUY,Up,0.57,5.0,2.8499999999999996,"Bitcoin Up or Down - March 21, 3:30PM-3:35PM ET"
1774121443,2026-03-21 19:30:43,BUY,Up,0.5700000144652982,26.269766,14.973767,"Bitcoin Up or Down - March 21, 3:30PM-3:35PM ET"
1774121443,2026-03-21 19:30:43,BUY,Up,0.58,101.0,58.58,"Bitcoin Up or Down - March 21, 3:30PM-3:35PM ET"
1774121477,2026-03-21 19:31:17,BUY,Down,0.3,101.0,30.299999999999997,"Bitcoin Up or Down - March 21, 3:30PM-3:35PM ET"
1774121487,2026-03-21 19:31:27,BUY,Down,0.35,78.10614,27.337148999999997,"Bitcoin Up or Down - March 21, 3:30PM-3:35PM ET"
1774121487,2026-03-21 19:31:27,BUY,Down,0.35000009112165287,1.646151,0.5761529999999999,"Bitcoin Up or Down - March 21, 3:30PM-3:35PM ET"
1774121487,2026-03-21 19:31:27,BUY,Down,0.35,1.19846,0.41946100000000003,"Bitcoin Up or Down - March 21, 3:30PM-3:35PM ET"
1774121497,2026-03-21 19:31:37,BUY,Down,0.66,25.0,16.5,"Ethereum Up or Down - March 21, 3:30PM-3:35PM ET"
1774121497,2026-03-21 19:31:37,BUY,Down,0.66,2.89,1.9074000000000002,"Ethereum Up or Down - March 21, 3:30PM-3:35PM ET"
1774121497,2026-03-21 19:31:37,BUY,Up,0.34,9.01,3.0634,"Ethereum Up or Down - March 21, 3:30PM-3:35PM ET"
1774121497,2026-03-21 19:31:37,BUY,Up,0.34,5.77,1.9618,"Ethereum Up or Down - March 21, 3:30PM-3:35PM ET"
1774121497,2026-03-21 19:31:37,BUY,Up,0.3400000068980965,40.590908,13.800909,"Ethereum Up or Down - March 21, 3:30PM-3:35PM ET"
1774121497,2026-03-21 19:31:37,BUY,Up,0.34,4.5,1.53,"Ethereum Up or Down - March 21, 3:30PM-3:35PM ET"
1774121497,2026-03-21 19:31:37,BUY,Down,0.66,99.72853,65.82082980000001,"Ethereum Up or Down - March 21, 3:30PM-3:35PM ET"
1774121497,2026-03-21 19:31:37,BUY,Up,0.34,9.8,3.3320000000000003,"Ethereum Up or Down - March 21, 3:30PM-3:35PM ET"
1774121497,2026-03-21 19:31:37,BUY,Down,0.54,36.42926,19.671800400000002,"Ethereum Up or Down - March 21, 3:30PM-3:45PM ET"
1774121497,2026-03-21 19:31:37,BUY,Up,0.3400000076636515,31.316664,10.647666,"Ethereum Up or Down - March 21, 3:30PM-3:35PM ET"
1774121499,2026-03-21 19:31:39,BUY,Down,0.5,99.42188,49.71094,"Bitcoin Up or Down - March 21, 3:30PM-3:35PM ET"
1774121499,2026-03-21 19:31:39,BUY,Down,0.66,6.0,3.96,"Ethereum Up or Down - March 21, 3:30PM-3:35PM ET"
1774121499,2026-03-21 19:31:39,BUY,Down,0.5,99.42188,49.71094,"Bitcoin Up or Down - March 21, 3:30PM-3:35PM ET"
1774121499,2026-03-21 19:31:39,SELL,Up,0.5,101.0,50.5,"Bitcoin Up or Down - March 21, 3:30PM-3:35PM ET"
1774121499,2026-03-21 19:31:39,SELL,Up,0.5,101.0,50.5,"Bitcoin Up or Down - March 21, 3:30PM-3:35PM ET"
1774121499,2026-03-21 19:31:39,BUY,Down,0.5,99.42188,49.71094,"Bitcoin Up or Down - March 21, 3:30PM-3:35PM ET"
1774121499,2026-03-21 19:31:39,SELL,Up,0.5,101.0,50.5,"Bitcoin Up or Down - March 21, 3:30PM-3:35PM ET"
1774121499,2026-03-21 19:31:39,SELL,Up,0.5,101.0,50.5,"Bitcoin Up or Down - March 21, 3:30PM-3:35PM ET"
1774121499,2026-03-21 19:31:39,BUY,Down,0.5,99.42188,49.71094,"Bitcoin Up or Down - March 21, 3:30PM-3:35PM ET"
1774121499,2026-03-21 19:31:39,BUY,Down,0.6600000307818965,14.294116,9.434117,"Ethereum Up or Down - March 21, 3:30PM-3:35PM ET"
1774121499,2026-03-21 19:31:39,BUY,Down,0.5,99.42188,49.71094,"Bitcoin Up or Down - March 21, 3:30PM-3:35PM ET"
1774121499,2026-03-21 19:31:39,BUY,Down,0.66,20.0,13.200000000000001,"Ethereum Up or Down - March 21, 3:30PM-3:35PM ET"
1774121499,2026-03-21 19:31:39,BUY,Down,0.66,5.0,3.3000000000000003,"Ethereum Up or Down - March 21, 3:30PM-3:35PM ET"
1774121501,2026-03-21 19:31:41,BUY,Down,0.49,98.14,48.0886,"Bitcoin Up or Down - March 21, 3:30PM-3:35PM ET"
1774121501,2026-03-21 19:31:41,BUY,Down,0.49,8.38,4.1062,"Bitcoin Up or Down - March 21, 3:30PM-3:45PM ET"
1774121501,2026-03-21 19:31:41,BUY,Down,0.66,5.0,3.3000000000000003,"Ethereum Up or Down - March 21, 3:30PM-3:35PM ET"
1774121501,2026-03-21 19:31:41,BUY,Down,0.5,99.42188,49.71094,"Bitcoin Up or Down - March 21, 3:30PM-3:35PM ET"
1774121501,2026-03-21 19:31:41,BUY,Down,0.5,99.42188,49.71094,"Bitcoin Up or Down - March 21, 3:30PM-3:35PM ET"
1774121501,2026-03-21 19:31:41,BUY,Down,0.66,10.09,6.659400000000001,"Ethereum Up or Down - March 21, 3:30PM-3:35PM ET"
1774121501,2026-03-21 19:31:41,BUY,Down,0.66,5.0,3.3000000000000003,"Ethereum Up or Down - March 21, 3:30PM-3:35PM ET"
1774121501,2026-03-21 19:31:41,BUY,Down,0.49,2.86,1.4014,"Bitcoin Up or Down - March 21, 3:30PM-3:35PM ET"
1774121501,2026-03-21 19:31:41,BUY,Down,0.66,7.72,5.0952,"Ethereum Up or Down - March 21, 3:30PM-3:35PM ET"
1774121511,2026-03-21 19:31:51,BUY,Down,0.54,36.42926,19.671800400000002,"Ethereum Up or Down - March 21, 3:30PM-3:45PM ET"
1774121511,2026-03-21 19:31:51,BUY,Down,0.75,9.79,7.342499999999999,"Ethereum Up or Down - March 21, 3:30PM-3:35PM ET"
1774121511,2026-03-21 19:31:51,BUY,Down,0.74,7.5,5.55,"Ethereum Up or Down - March 21, 3:30PM-3:35PM ET"
1774121519,2026-03-21 19:31:59,BUY,Down,0.58,101.0,58.58,"Bitcoin Up or Down - March 21, 3:30PM-3:35PM ET"
1774121519,2026-03-21 19:31:59,BUY,Up,0.4,10.0,4.0,"Bitcoin Up or Down - March 21, 3:30PM-3:35PM ET"
1774121519,2026-03-21 19:31:59,BUY,Up,0.4,35.28,14.112000000000002,"Bitcoin Up or Down - March 21, 3:30PM-3:35PM ET"
1774121519,2026-03-21 19:31:59,BUY,Up,0.4,5.966665,2.386666,"Bitcoin Up or Down - March 21, 3:30PM-3:35PM ET"
1774121519,2026-03-21 19:31:59,BUY,Up,0.4,14.75,5.9,"Bitcoin Up or Down - March 21, 3:30PM-3:35PM ET"
1774121519,2026-03-21 19:31:59,BUY,Down,0.53,46.27091,24.5235823,"Bitcoin Up or Down - March 21, 3:30PM-3:45PM ET"
1774121519,2026-03-21 19:31:59,BUY,Down,0.53,46.27091,24.5235823,"Bitcoin Up or Down - March 21, 3:30PM-3:45PM ET"
1774121519,2026-03-21 19:31:59,BUY,Up,0.4,5.0,2.0,"Bitcoin Up or Down - March 21, 3:30PM-3:35PM ET"
1774121519,2026-03-21 19:31:59,BUY,Up,0.4,30.0,12.0,"Bitcoin Up or Down - March 21, 3:30PM-3:35PM ET"
1774121521,2026-03-21 19:32:01,BUY,Down,0.6014983518130057,32.89069,19.78369582499251,"Bitcoin Up or Down - March 21, 3:30PM-3:35PM ET"
1774121523,2026-03-21 19:32:03,BUY,Down,0.68,74.753125,50.832125000000005,"Bitcoin Up or Down - March 21, 3:30PM-3:35PM ET"
1774121527,2026-03-21 19:32:07,BUY,Down,0.72,5.78,4.1616,"Bitcoin Up or Down - March 21, 3:30PM-3:35PM ET"
1774121527,2026-03-21 19:32:07,BUY,Down,0.72,58.86,42.3792,"Bitcoin Up or Down - March 21, 3:30PM-3:35PM ET"
1774121527,2026-03-21 19:32:07,BUY,Down,0.7200000154051724,36.351427,26.173028000000002,"Bitcoin Up or Down - March 21, 3:30PM-3:35PM ET"
1774121529,2026-03-21 19:32:09,BUY,Down,0.7,101.0,70.69999999999999,"Bitcoin Up or Down - March 21, 3:30PM-3:35PM ET"
1774121529,2026-03-21 19:32:09,BUY,Down,0.71,101.0,71.71,"Bitcoin Up or Down - March 21, 3:30PM-3:35PM ET"
1774121537,2026-03-21 19:32:17,BUY,Up,0.19,101.0,19.19,"Bitcoin Up or Down - March 21, 3:30PM-3:35PM ET"
1774121539,2026-03-21 19:32:19,BUY,Up,0.18,101.0,18.18,"Bitcoin Up or Down - March 21, 3:30PM-3:35PM ET"
1774121539,2026-03-21 19:32:19,BUY,Down,0.65,5.33,3.4645,"Bitcoin Up or Down - March 21, 3:30PM-3:45PM ET"
1774121539,2026-03-21 19:32:19,BUY,Down,0.6500000385000034,14.285713,9.285713999999999,"Bitcoin Up or Down - March 21, 3:30PM-3:45PM ET"
1774121627,2026-03-21 19:33:47,,,0.0,403.953362,0.0,"Ethereum Up or Down - March 21, 3:25PM-3:30PM ET"
1774121627,2026-03-21 19:33:47,,,0.0,0.0,0.0,"Bitcoin Up or Down - March 21, 3:20PM-3:25PM ET"
1774121627,2026-03-21 19:33:47,,,0.0,452.199405,0.0,"Bitcoin Up or Down - March 21, 3:15PM-3:30PM ET"
1774121627,2026-03-21 19:33:47,,,0.0,597.838902,0.0,"Bitcoin Up or Down - March 21, 3:25PM-3:30PM ET"
1774121627,2026-03-21 19:33:47,,,0.0,0.0,0.0,"Bitcoin Up or Down - March 21, 3:15PM-3:30PM ET"
1774121627,2026-03-21 19:33:47,,,0.0,0.0,0.0,"Bitcoin Up or Down - March 21, 3:25PM-3:30PM ET"
1774121627,2026-03-21 19:33:47,,,0.0,0.0,0.0,"Ethereum Up or Down - March 21, 3:25PM-3:30PM ET"
1774121627,2026-03-21 19:33:47,,,0.0,0.0,0.0,"Bitcoin Up or Down - March 21, 3:15PM-3:20PM ET"
1774121627,2026-03-21 19:33:47,,,0.0,1210.691891,0.0,"Bitcoin Up or Down - March 21, 3:15PM-3:20PM ET"
1774121627,2026-03-21 19:33:47,,,0.0,1370.179209,0.0,"Bitcoin Up or Down - March 21, 3:20PM-3:25PM ET"
1774121633,2026-03-21 19:33:53,,,0.0,126.414935,0.0,"Ethereum Up or Down - March 21, 3:20PM-3:25PM ET"
1774121633,2026-03-21 19:33:53,,,0.0,0.0,0.0,"Ethereum Up or Down - March 21, 3:20PM-3:25PM ET"
1774121633,2026-03-21 19:33:53,,,0.0,0.0,0.0,"Ethereum Up or Down - March 21, 3:15PM-3:30PM ET"
1774121633,2026-03-21 19:33:53,,,0.0,0.0,0.0,"Ethereum Up or Down - March 21, 3:15PM-3:20PM ET"
1774121705,2026-03-21 19:35:05,BUY,Up,0.52000048000192,0.416665,0.216666,"Ethereum Up or Down - March 21, 3:35PM-3:40PM ET"
1774121767,2026-03-21 19:36:07,BUY,Up,0.53,99.43322,52.6996066,"Bitcoin Up or Down - March 21, 3:35PM-3:40PM ET"
1774121769,2026-03-21 19:36:09,BUY,Up,0.55,36.51216,20.081688000000003,"Bitcoin Up or Down - March 21, 3:35PM-3:40PM ET"
1774121769,2026-03-21 19:36:09,BUY,Up,0.55,99.45328,54.699304000000005,"Bitcoin Up or Down - March 21, 3:35PM-3:40PM ET"
1774121771,2026-03-21 19:36:11,BUY,Up,0.63,99.62803,62.7656589,"Bitcoin Up or Down - March 21, 3:35PM-3:40PM ET"
1774121771,2026-03-21 19:36:11,BUY,Down,0.34,24.55,8.347000000000001,"Bitcoin Up or Down - March 21, 3:35PM-3:40PM ET"
1774121771,2026-03-21 19:36:11,BUY,Down,0.34,2.0,0.68,"Bitcoin Up or Down - March 21, 3:35PM-3:40PM ET"
1774121771,2026-03-21 19:36:11,BUY,Down,0.3400000229565249,8.71212,2.9621210000000002,"Bitcoin Up or Down - March 21, 3:35PM-3:40PM ET"
1774121771,2026-03-21 19:36:11,BUY,Down,0.3400001056000359,3.030302,1.030303,"Bitcoin Up or Down - March 21, 3:35PM-3:40PM ET"
1774121771,2026-03-21 19:36:11,BUY,Down,0.3400001056000359,3.030302,1.030303,"Bitcoin Up or Down - March 21, 3:35PM-3:40PM ET"
1774121771,2026-03-21 19:36:11,BUY,Down,0.3400001056000359,3.030302,1.030303,"Bitcoin Up or Down - March 21, 3:35PM-3:40PM ET"
1774121771,2026-03-21 19:36:11,BUY,Down,0.3400000190666704,13.636361,4.636363,"Bitcoin Up or Down - March 21, 3:35PM-3:40PM ET"
1774121771,2026-03-21 19:36:11,BUY,Down,0.34,5.0,1.7000000000000002,"Bitcoin Up or Down - March 21, 3:35PM-3:40PM ET"
1774121771,2026-03-21 19:36:11,BUY,Down,0.3400001056000359,3.030302,1.030303,"Bitcoin Up or Down - March 21, 3:35PM-3:40PM ET"
1774121771,2026-03-21 19:36:11,BUY,Down,0.3400000190666704,13.636361,4.636363,"Bitcoin Up or Down - March 21, 3:35PM-3:40PM ET"
1774121771,2026-03-21 19:36:11,BUY,Down,0.34000003826088954,5.22727,1.777272,"Bitcoin Up or Down - March 21, 3:35PM-3:40PM ET"
1774121771,2026-03-21 19:36:11,BUY,Down,0.34,1.51515,0.515151,"Bitcoin Up or Down - March 21, 3:35PM-3:40PM ET"
1774121771,2026-03-21 19:36:11,BUY,Down,0.34,8.0,2.72,"Bitcoin Up or Down - March 21, 3:35PM-3:40PM ET"
1774121771,2026-03-21 19:36:11,BUY,Up,0.65,98.23231,63.8510015,"Bitcoin Up or Down - March 21, 3:35PM-3:40PM ET"
1774121771,2026-03-21 19:36:11,BUY,Down,0.3400015840120385,0.151514,0.051515000000000005,"Bitcoin Up or Down - March 21, 3:35PM-3:40PM ET"
1774121773,2026-03-21 19:36:13,BUY,Down,0.34,6.38,2.1692,"Bitcoin Up or Down - March 21, 3:35PM-3:40PM ET"
1774121787,2026-03-21 19:36:27,BUY,Down,0.2900000466849412,5.140844,1.4908450000000002,"Bitcoin Up or Down - March 21, 3:35PM-3:40PM ET"
1774121787,2026-03-21 19:36:27,BUY,Down,0.29,5.0,1.45,"Bitcoin Up or Down - March 21, 3:35PM-3:40PM ET"
1774121787,2026-03-21 19:36:27,BUY,Down,0.29,7.33,2.1256999999999997,"Bitcoin Up or Down - March 21, 3:35PM-3:40PM ET"
1774121787,2026-03-21 19:36:27,BUY,Down,0.29,2.8169,0.8169009999999999,"Bitcoin Up or Down - March 21, 3:35PM-3:40PM ET"
1774121787,2026-03-21 19:36:27,BUY,Down,0.29000001846000134,14.084506,4.084506999999999,"Bitcoin Up or Down - March 21, 3:35PM-3:40PM ET"
1774121789,2026-03-21 19:36:29,BUY,Down,0.29,6.94,2.0126,"Bitcoin Up or Down - March 21, 3:35PM-3:40PM ET"
1774121789,2026-03-21 19:36:29,BUY,Down,0.29,10.0,2.9,"Bitcoin Up or Down - March 21, 3:35PM-3:40PM ET"
1774121789,2026-03-21 19:36:29,BUY,Down,0.29,5.0,1.45,"Bitcoin Up or Down - March 21, 3:35PM-3:40PM ET"
1774121789,2026-03-21 19:36:29,BUY,Down,0.29,2.0,0.58,"Bitcoin Up or Down - March 21, 3:35PM-3:40PM ET"
1774121789,2026-03-21 19:36:29,BUY,Down,0.29000005680010904,1.408448,0.40845,"Bitcoin Up or Down - March 21, 3:35PM-3:40PM ET"
1774121789,2026-03-21 19:36:29,BUY,Down,0.29000001846000134,14.084506,4.084506999999999,"Bitcoin Up or Down - March 21, 3:35PM-3:40PM ET"
1774121789,2026-03-21 19:36:29,BUY,Down,0.29,1.0,0.29,"Bitcoin Up or Down - March 21, 3:35PM-3:40PM ET"
1774121789,2026-03-21 19:36:29,BUY,Down,0.29000119098879557,0.218306,0.063309,"Bitcoin Up or Down - March 21, 3:35PM-3:40PM ET"
1774121791,2026-03-21 19:36:31,BUY,Down,0.29000005680010904,1.408448,0.40845,"Bitcoin Up or Down - March 21, 3:35PM-3:40PM ET"
1774121791,2026-03-21 19:36:31,BUY,Down,0.29000002982001066,7.042251,2.042253,"Bitcoin Up or Down - March 21, 3:35PM-3:40PM ET"
1774121791,2026-03-21 19:36:31,BUY,Down,0.29,2.8169,0.8169009999999999,"Bitcoin Up or Down - March 21, 3:35PM-3:40PM ET"
1774121791,2026-03-21 19:36:31,BUY,Down,0.29,5.19,1.5051,"Bitcoin Up or Down - March 21, 3:35PM-3:40PM ET"
1774121793,2026-03-21 19:36:33,BUY,Down,0.29,7.98,2.3142,"Bitcoin Up or Down - March 21, 3:35PM-3:40PM ET"
1774121793,2026-03-21 19:36:33,BUY,Down,0.2900001811913938,1.490137,0.43214,"Bitcoin Up or Down - March 21, 3:35PM-3:40PM ET"
1774121797,2026-03-21 19:36:37,BUY,Up,0.67,94.41,63.2547,"Bitcoin Up or Down - March 21, 3:35PM-3:40PM ET"
1774121797,2026-03-21 19:36:37,BUY,Up,0.6700000774505467,6.584847,4.411848,"Bitcoin Up or Down - March 21, 3:35PM-3:40PM ET"
1774121801,2026-03-21 19:36:41,BUY,Up,0.69,101.0,69.69,"Bitcoin Up or Down - March 21, 3:35PM-3:40PM ET"
1774121805,2026-03-21 19:36:45,BUY,Up,0.68,1.98,1.3464,"Bitcoin Up or Down - March 21, 3:35PM-3:40PM ET"
1774121805,2026-03-21 19:36:45,BUY,Up,0.68,22.86,15.5448,"Bitcoin Up or Down - March 21, 3:35PM-3:40PM ET"
1774121807,2026-03-21 19:36:47,BUY,Up,0.6800000557472702,9.327811,6.342912,"Bitcoin Up or Down - March 21, 3:35PM-3:40PM ET"
1774121807,2026-03-21 19:36:47,BUY,Up,0.68,3.125,2.125,"Bitcoin Up or Down - March 21, 3:35PM-3:40PM ET"
1774121807,2026-03-21 19:36:47,BUY,Up,0.68,21.5625,14.662500000000001,"Bitcoin Up or Down - March 21, 3:35PM-3:40PM ET"
1774121807,2026-03-21 19:36:47,BUY,Up,0.6800000433299536,12.000936,8.160637,"Bitcoin Up or Down - March 21, 3:35PM-3:40PM ET"
1774121853,2026-03-21 19:37:33,BUY,Down,0.21,70.0,14.7,"Ethereum Up or Down - March 21, 3:35PM-3:40PM ET"
1774121853,2026-03-21 19:37:33,BUY,Down,0.21,25.0,5.25,"Ethereum Up or Down - March 21, 3:35PM-3:40PM ET"
1774121855,2026-03-21 19:37:35,BUY,Down,0.39,45.35,17.686500000000002,"Ethereum Up or Down - March 21, 3:35PM-3:40PM ET"
1774121855,2026-03-21 19:37:35,BUY,Down,0.4048514851485149,99.53411,40.29653225643565,"Ethereum Up or Down - March 21, 3:35PM-3:40PM ET"
1774121855,2026-03-21 19:37:35,BUY,Down,0.41,99.52249,40.8042209,"Ethereum Up or Down - March 21, 3:35PM-3:40PM ET"
1774121855,2026-03-21 19:37:35,BUY,Down,0.39,50.0,19.5,"Ethereum Up or Down - March 21, 3:35PM-3:40PM ET"
1774121855,2026-03-21 19:37:35,BUY,Down,0.4,25.0,10.0,"Ethereum Up or Down - March 21, 3:35PM-3:40PM ET"
1774121855,2026-03-21 19:37:35,BUY,Down,0.36,7.755,2.7918,"Bitcoin Up or Down - March 21, 3:35PM-3:40PM ET"
1774121855,2026-03-21 19:37:35,BUY,Down,0.36,3.125,1.125,"Bitcoin Up or Down - March 21, 3:35PM-3:40PM ET"
1774121855,2026-03-21 19:37:35,BUY,Down,0.39,0.6,0.23399999999999999,"Ethereum Up or Down - March 21, 3:35PM-3:40PM ET"
1774121855,2026-03-21 19:37:35,BUY,Down,0.4,19.4,7.76,"Ethereum Up or Down - March 21, 3:35PM-3:40PM ET"
1774121855,2026-03-21 19:37:35,BUY,Down,0.4,16.0,6.4,"Ethereum Up or Down - March 21, 3:35PM-3:40PM ET"
1774121855,2026-03-21 19:37:35,BUY,Down,0.39,5.05,1.9695,"Ethereum Up or Down - March 21, 3:35PM-3:40PM ET"
1774121855,2026-03-21 19:37:35,BUY,Down,0.36,3.125,1.125,"Bitcoin Up or Down - March 21, 3:35PM-3:40PM ET"
1774121855,2026-03-21 19:37:35,BUY,Down,0.21,6.0,1.26,"Ethereum Up or Down - March 21, 3:35PM-3:40PM ET"
1774121855,2026-03-21 19:37:35,BUY,Down,0.3968472906403941,40.018480000000004,15.8812253635468,"Ethereum Up or Down - March 21, 3:35PM-3:40PM ET"
1774121855,2026-03-21 19:37:35,BUY,Up,0.62,15.0,9.3,"Ethereum Up or Down - March 21, 3:35PM-3:40PM ET"
1774121857,2026-03-21 19:37:37,BUY,Down,0.44,5.0,2.2,"Bitcoin Up or Down - March 21, 3:35PM-3:40PM ET"
1774121857,2026-03-21 19:37:37,BUY,Down,0.4400001568001129,1.785713,0.785714,"Bitcoin Up or Down - March 21, 3:35PM-3:40PM ET"
1774121857,2026-03-21 19:37:37,BUY,Down,0.44,9.88,4.3472,"Bitcoin Up or Down - March 21, 3:35PM-3:40PM ET"
1774121857,2026-03-21 19:37:37,BUY,Down,0.4400001568001129,1.785713,0.785714,"Bitcoin Up or Down - March 21, 3:35PM-3:40PM ET"
1774121857,2026-03-21 19:37:37,BUY,Down,0.44,2.9,1.276,"Bitcoin Up or Down - March 21, 3:35PM-3:40PM ET"
1774121857,2026-03-21 19:37:37,BUY,Down,0.44,6.0,2.64,"Bitcoin Up or Down - March 21, 3:35PM-3:40PM ET"
1774121857,2026-03-21 19:37:37,BUY,Down,0.44000005793107844,2.071427,0.911428,"Bitcoin Up or Down - March 21, 3:35PM-3:40PM ET"
1774121857,2026-03-21 19:37:37,BUY,Down,0.44,5.0,2.2,"Bitcoin Up or Down - March 21, 3:35PM-3:40PM ET"
1774121857,2026-03-21 19:37:37,BUY,Down,0.44,5.0,2.2,"Bitcoin Up or Down - March 21, 3:35PM-3:40PM ET"
1774121857,2026-03-21 19:37:37,SELL,Up,0.4815029702970297,101.0,48.6318,"Bitcoin Up or Down - March 21, 3:35PM-3:40PM ET"
1774121857,2026-03-21 19:37:37,BUY,Down,0.4400000746667065,5.35714,2.357142,"Bitcoin Up or Down - March 21, 3:35PM-3:40PM ET"
1774121857,2026-03-21 19:37:37,SELL,Up,0.49382970297029705,101.0,49.8768,"Bitcoin Up or Down - March 21, 3:35PM-3:40PM ET"
1774121857,2026-03-21 19:37:37,SELL,Up,0.47991782178217823,101.0,48.4717,"Bitcoin Up or Down - March 21, 3:35PM-3:40PM ET"
1774121857,2026-03-21 19:37:37,SELL,Up,0.49,101.0,49.49,"Bitcoin Up or Down - March 21, 3:35PM-3:40PM ET"
1774121857,2026-03-21 19:37:37,BUY,Down,0.44,8.33,3.6652,"Bitcoin Up or Down - March 21, 3:35PM-3:40PM ET"
1774121857,2026-03-21 19:37:37,BUY,Down,0.44,5.01,2.2044,"Bitcoin Up or Down - March 21, 3:35PM-3:40PM ET"
1774121859,2026-03-21 19:37:39,BUY,Down,0.44,42.86,18.8584,"Bitcoin Up or Down - March 21, 3:35PM-3:40PM ET"
1774121859,2026-03-21 19:37:39,BUY,Down,0.51,0.53,0.27030000000000004,"Bitcoin Up or Down - March 21, 3:35PM-3:40PM ET"
1774121859,2026-03-21 19:37:39,BUY,Down,0.5100000465500188,4.081631,2.081632,"Bitcoin Up or Down - March 21, 3:35PM-3:40PM ET"
1774121859,2026-03-21 19:37:39,BUY,Down,0.51,5.0,2.55,"Bitcoin Up or Down - March 21, 3:35PM-3:40PM ET"
1774121859,2026-03-21 19:37:39,BUY,Down,0.51,15.0,7.65,"Bitcoin Up or Down - March 21, 3:35PM-3:40PM ET"
1774121859,2026-03-21 19:37:39,BUY,Down,0.5100001715001115,2.040815,1.040816,"Bitcoin Up or Down - March 21, 3:35PM-3:40PM ET"
1774121859,2026-03-21 19:37:39,BUY,Down,0.51,15.0,7.65,"Bitcoin Up or Down - March 21, 3:35PM-3:40PM ET"
1774121859,2026-03-21 19:37:39,BUY,Down,0.51,5.01,2.5551,"Bitcoin Up or Down - March 21, 3:35PM-3:40PM ET"
1774121859,2026-03-21 19:37:39,BUY,Down,0.51,15.0,7.65,"Bitcoin Up or Down - March 21, 3:35PM-3:40PM ET"
1774121859,2026-03-21 19:37:39,BUY,Down,0.5100001309901937,2.061223,1.051224,"Bitcoin Up or Down - March 21, 3:35PM-3:40PM ET"
1774121859,2026-03-21 19:37:39,BUY,Down,0.51,15.0,7.65,"Bitcoin Up or Down - March 21, 3:35PM-3:40PM ET"
1774121859,2026-03-21 19:37:39,BUY,Down,0.5100001715001115,2.040815,1.040816,"Bitcoin Up or Down - March 21, 3:35PM-3:40PM ET"
1774121859,2026-03-21 19:37:39,BUY,Down,0.51,20.2,10.302,"Bitcoin Up or Down - March 21, 3:35PM-3:40PM ET"
1774121867,2026-03-21 19:37:47,BUY,Down,0.6,5.0,3.0,"Bitcoin Up or Down - March 21, 3:35PM-3:40PM ET"
1774121867,2026-03-21 19:37:47,BUY,Down,0.6200000988000731,2.631577,1.631578,"Bitcoin Up or Down - March 21, 3:35PM-3:40PM ET"
1774121867,2026-03-21 19:37:47,BUY,Down,0.62,5.0,3.1,"Bitcoin Up or Down - March 21, 3:35PM-3:40PM ET"
1774121867,2026-03-21 19:37:47,BUY,Down,0.6200000762541908,7.86842,4.878421,"Bitcoin Up or Down - March 21, 3:35PM-3:40PM ET"
1774121867,2026-03-21 19:37:47,BUY,Down,0.62,5.0,3.1,"Bitcoin Up or Down - March 21, 3:35PM-3:40PM ET"
1774121867,2026-03-21 19:37:47,BUY,Down,0.62,5.0,3.1,"Bitcoin Up or Down - March 21, 3:35PM-3:40PM ET"
1774121867,2026-03-21 19:37:47,BUY,Down,0.62,10.0,6.2,"Bitcoin Up or Down - March 21, 3:35PM-3:40PM ET"
1774121867,2026-03-21 19:37:47,BUY,Down,0.62,8.22,5.0964,"Bitcoin Up or Down - March 21, 3:35PM-3:40PM ET"
1774121867,2026-03-21 19:37:47,BUY,Down,0.62,11.1,6.882,"Bitcoin Up or Down - March 21, 3:35PM-3:40PM ET"
1774121867,2026-03-21 19:37:47,BUY,Down,0.6200000729600151,6.578946,4.078946999999999,"Bitcoin Up or Down - March 21, 3:35PM-3:40PM ET"
1774121867,2026-03-21 19:37:47,BUY,Down,0.62,5.26,3.2611999999999997,"Bitcoin Up or Down - March 21, 3:35PM-3:40PM ET"
1774121867,2026-03-21 19:37:47,BUY,Down,0.6200001279208757,2.657893,1.647894,"Bitcoin Up or Down - March 21, 3:35PM-3:40PM ET"
1774121867,2026-03-21 19:37:47,BUY,Down,0.6200001279208757,2.657893,1.647894,"Bitcoin Up or Down - March 21, 3:35PM-3:40PM ET"
1774121867,2026-03-21 19:37:47,BUY,Down,0.63,99.62803,62.7656589,"Bitcoin Up or Down - March 21, 3:35PM-3:40PM ET"
1774121867,2026-03-21 19:37:47,BUY,Down,0.62,5.0,3.1,"Bitcoin Up or Down - March 21, 3:35PM-3:40PM ET"
1774121867,2026-03-21 19:37:47,BUY,Down,0.6200000258400035,13.157893,8.157894,"Bitcoin Up or Down - March 21, 3:35PM-3:40PM ET"
1774121867,2026-03-21 19:37:47,BUY,Down,0.6200000304000052,10.526314,6.526314999999999,"Bitcoin Up or Down - March 21, 3:35PM-3:40PM ET"
1774121867,2026-03-21 19:37:47,BUY,Down,0.63,99.62803,62.7656589,"Bitcoin Up or Down - March 21, 3:35PM-3:40PM ET"
1774121869,2026-03-21 19:37:49,BUY,Down,0.6,54.86,32.916,"Bitcoin Up or Down - March 21, 3:35PM-3:40PM ET"
1774121869,2026-03-21 19:37:49,BUY,Down,0.6,8.94,5.364,"Bitcoin Up or Down - March 21, 3:35PM-3:40PM ET"
1774121869,2026-03-21 19:37:49,BUY,Down,0.6,32.196,19.3176,"Bitcoin Up or Down - March 21, 3:35PM-3:40PM ET"
1774121869,2026-03-21 19:37:49,BUY,Down,0.62,0.32,0.1984,"Bitcoin Up or Down - March 21, 3:35PM-3:40PM ET"
1774121869,2026-03-21 19:37:49,BUY,Down,0.57,101.0,57.56999999999999,"Bitcoin Up or Down - March 21, 3:35PM-3:40PM ET"
1774121869,2026-03-21 19:37:49,BUY,Down,0.4,99.5456,39.81824,"Ethereum Up or Down - March 21, 3:35PM-3:40PM ET"
1774121873,2026-03-21 19:37:53,BUY,Up,0.3,101.0,30.299999999999997,"Bitcoin Up or Down - March 21, 3:35PM-3:40PM ET"
1774121873,2026-03-21 19:37:53,BUY,Up,0.31,101.0,31.31,"Bitcoin Up or Down - March 21, 3:35PM-3:40PM ET"
1774121877,2026-03-21 19:37:57,BUY,Down,0.67,30.0,20.1,"Bitcoin Up or Down - March 21, 3:35PM-3:40PM ET"
1774121877,2026-03-21 19:37:57,BUY,Down,0.67,7.85,5.2595,"Bitcoin Up or Down - March 21, 3:35PM-3:40PM ET"
1774121877,2026-03-21 19:37:57,BUY,Down,0.67,5.0,3.35,"Bitcoin Up or Down - March 21, 3:35PM-3:40PM ET"
1774121877,2026-03-21 19:37:57,SELL,Up,0.34,26.07,8.863800000000001,"Bitcoin Up or Down - March 21, 3:35PM-3:40PM ET"
1774121877,2026-03-21 19:37:57,SELL,Up,0.3399999902801064,53.498528,18.189499,"Bitcoin Up or Down - March 21, 3:35PM-3:40PM ET"
1774121877,2026-03-21 19:37:57,SELL,Up,0.3399999822654133,21.427057,7.2851989999999995,"Bitcoin Up or Down - March 21, 3:35PM-3:40PM ET"
1774121877,2026-03-21 19:37:57,BUY,Down,0.67,5.0,3.35,"Bitcoin Up or Down - March 21, 3:35PM-3:40PM ET"
1774121877,2026-03-21 19:37:57,BUY,Down,0.6700001203529681,5.151514,3.4515149999999997,"Bitcoin Up or Down - March 21, 3:35PM-3:40PM ET"
1774121877,2026-03-21 19:37:57,BUY,Down,0.67,14.93,10.0031,"Bitcoin Up or Down - March 21, 3:35PM-3:40PM ET"
1774121877,2026-03-21 19:37:57,BUY,Down,0.67,33.06,22.1502,"Bitcoin Up or Down - March 21, 3:35PM-3:40PM ET"
1774121879,2026-03-21 19:37:59,BUY,Down,0.63,69.67,43.8921,"Bitcoin Up or Down - March 21, 3:35PM-3:40PM ET"
1774121879,2026-03-21 19:37:59,BUY,Down,0.6300000229400009,27.027026,17.027027,"Bitcoin Up or Down - March 21, 3:35PM-3:40PM ET"
1774121879,2026-03-21 19:37:59,SELL,Up,0.38,101.0,38.38,"Bitcoin Up or Down - March 21, 3:35PM-3:40PM ET"
1774121879,2026-03-21 19:37:59,BUY,Down,0.63,4.3,2.709,"Bitcoin Up or Down - March 21, 3:35PM-3:40PM ET"
1774121887,2026-03-21 19:38:07,BUY,Down,0.63,101.0,63.63,"Bitcoin Up or Down - March 21, 3:35PM-3:40PM ET"
1774121887,2026-03-21 19:38:07,BUY,Down,0.65,101.0,65.65,"Bitcoin Up or Down - March 21, 3:35PM-3:40PM ET"
1774121887,2026-03-21 19:38:07,BUY,Down,0.69,101.0,69.69,"Bitcoin Up or Down - March 21, 3:35PM-3:40PM ET"
1774121887,2026-03-21 19:38:07,BUY,Down,0.7,101.0,70.69999999999999,"Bitcoin Up or Down - March 21, 3:35PM-3:40PM ET"
1774121887,2026-03-21 19:38:07,BUY,Down,0.71,95.19,67.58489999999999,"Bitcoin Up or Down - March 21, 3:35PM-3:40PM ET"
1774121887,2026-03-21 19:38:07,BUY,Down,0.7100001068711607,5.801378,4.118979,"Bitcoin Up or Down - March 21, 3:35PM-3:40PM ET"
1774121889,2026-03-21 19:38:09,BUY,Down,0.62,101.0,62.62,"Bitcoin Up or Down - March 21, 3:35PM-3:40PM ET"
1774121891,2026-03-21 19:38:11,BUY,Up,0.35000003701595167,6.753845,2.363846,"Ethereum Up or Down - March 21, 3:35PM-3:40PM ET"
1774121891,2026-03-21 19:38:11,BUY,Up,0.35000001857143337,10.769228,3.7692300000000003,"Ethereum Up or Down - March 21, 3:35PM-3:40PM ET"
1774121891,2026-03-21 19:38:11,BUY,Up,0.35000001790634055,11.169228,3.9092300000000004,"Ethereum Up or Down - March 21, 3:35PM-3:40PM ET"
1774121891,2026-03-21 19:38:11,BUY,Up,0.3500000282608765,10.615382,3.715384,"Ethereum Up or Down - March 21, 3:35PM-3:40PM ET"
1774121891,2026-03-21 19:38:11,BUY,Up,0.3500000111047847,13.507691,4.727692,"Ethereum Up or Down - March 21, 3:35PM-3:40PM ET"
1774121891,2026-03-21 19:38:11,BUY,Up,0.35,15.68,5.4879999999999995,"Ethereum Up or Down - March 21, 3:35PM-3:40PM ET"
1774121891,2026-03-21 19:38:11,BUY,Up,0.350000046762609,6.415382,2.245384,"Ethereum Up or Down - March 21, 3:35PM-3:40PM ET"
1774121891,2026-03-21 19:38:11,BUY,Up,0.35000004826734704,6.215382,2.1753839999999998,"Ethereum Up or Down - March 21, 3:35PM-3:40PM ET"
1774121893,2026-03-21 19:38:13,BUY,Up,0.35000001444445056,6.923074,2.423076,"Ethereum Up or Down - March 21, 3:35PM-3:40PM ET"
1774121893,2026-03-21 19:38:13,BUY,Up,0.35,0.15,0.0525,"Ethereum Up or Down - March 21, 3:35PM-3:40PM ET"
1774121893,2026-03-21 19:38:13,BUY,Up,0.350000015662654,12.769228,4.46923,"Ethereum Up or Down - March 21, 3:35PM-3:40PM ET"
1774121893,2026-03-21 19:38:13,BUY,Up,0.3,7.12857,2.1385709999999998,"Ethereum Up or Down - March 21, 3:35PM-3:40PM ET"
1774121893,2026-03-21 19:38:13,BUY,Up,0.3,10.12857,3.0385709999999997,"Ethereum Up or Down - March 21, 3:35PM-3:40PM ET"
1774121893,2026-03-21 19:38:13,BUY,Up,0.3,9.65714,2.897142,"Ethereum Up or Down - March 21, 3:35PM-3:40PM ET"
1774121893,2026-03-21 19:38:13,BUY,Up,0.3,12.75714,3.827142,"Ethereum Up or Down - March 21, 3:35PM-3:40PM ET"
1774121893,2026-03-21 19:38:13,BUY,Up,0.3,5.75714,1.727142,"Ethereum Up or Down - March 21, 3:35PM-3:40PM ET"
1774121893,2026-03-21 19:38:13,BUY,Up,0.3000000357051936,5.601426,1.6804279999999998,"Ethereum Up or Down - March 21, 3:35PM-3:40PM ET"
1774121893,2026-03-21 19:38:13,BUY,Up,0.3,6.8,2.04,"Ethereum Up or Down - March 21, 3:35PM-3:40PM ET"
1774121901,2026-03-21 19:38:21,BUY,Up,0.14,101.0,14.14,"Ethereum Up or Down - March 21, 3:35PM-3:40PM ET"
1774121901,2026-03-21 19:38:21,BUY,Up,0.12,101.0,12.12,"Bitcoin Up or Down - March 21, 3:35PM-3:40PM ET"
1774121903,2026-03-21 19:38:23,BUY,Up,0.11,86.12,9.4732,"Bitcoin Up or Down - March 21, 3:35PM-3:40PM ET"
1774121903,2026-03-21 19:38:23,BUY,Up,0.11,14.8764,1.636404,"Bitcoin Up or Down - March 21, 3:35PM-3:40PM ET"
1774121913,2026-03-21 19:38:33,BUY,Up,0.23,6.99,1.6077000000000001,"Bitcoin Up or Down - March 21, 3:35PM-3:40PM ET"
1774121913,2026-03-21 19:38:33,BUY,Up,0.23000000767442236,7.818178,1.798181,"Bitcoin Up or Down - March 21, 3:35PM-3:40PM ET"
1774121913,2026-03-21 19:38:33,BUY,Up,0.23,9.0,2.0700000000000003,"Bitcoin Up or Down - March 21, 3:35PM-3:40PM ET"
1774121913,2026-03-21 19:38:33,BUY,Up,0.23,5.01,1.1523,"Bitcoin Up or Down - March 21, 3:35PM-3:40PM ET"
1774121913,2026-03-21 19:38:33,BUY,Up,0.3,2.0,0.6,"Ethereum Up or Down - March 21, 3:35PM-3:40PM ET"
1774121913,2026-03-21 19:38:33,BUY,Up,0.3,37.42857,11.228571,"Ethereum Up or Down - March 21, 3:35PM-3:40PM ET"
1774121913,2026-03-21 19:38:33,BUY,Up,0.2300000192500316,1.558439,0.358441,"Bitcoin Up or Down - March 21, 3:35PM-3:40PM ET"
1774121913,2026-03-21 19:38:33,BUY,Up,0.31,99.84474,30.9518694,"Ethereum Up or Down - March 21, 3:35PM-3:40PM ET"
1774121913,2026-03-21 19:38:33,BUY,Up,0.30613861386138613,99.86069,30.571213215841585,"Ethereum Up or Down - March 21, 3:35PM-3:40PM ET"
1774121915,2026-03-21 19:38:35,BUY,Up,0.23,5.68,1.3064,"Bitcoin Up or Down - March 21, 3:35PM-3:40PM ET"
1774121915,2026-03-21 19:38:35,BUY,Up,0.3,21.42857,6.428571,"Ethereum Up or Down - March 21, 3:35PM-3:40PM ET"
1774121915,2026-03-21 19:38:35,BUY,Up,0.3,6.0,1.7999999999999998,"Ethereum Up or Down - March 21, 3:35PM-3:40PM ET"
1774121915,2026-03-21 19:38:35,BUY,Up,0.23000000308000024,64.93506,14.935063999999999,"Bitcoin Up or Down - March 21, 3:35PM-3:40PM ET"
1774122013,2026-03-21 19:40:13,BUY,Up,0.5300000875303835,5.255318,2.785319,"Ethereum Up or Down - March 21, 3:40PM-3:45PM ET"
1774122013,2026-03-21 19:40:13,BUY,Up,0.53,1.0,0.53,"Ethereum Up or Down - March 21, 3:40PM-3:45PM ET"
1774122013,2026-03-21 19:40:13,BUY,Up,0.5300000202494368,9.382977,4.972978,"Ethereum Up or Down - March 21, 3:40PM-3:45PM ET"
1774122015,2026-03-21 19:40:15,BUY,Up,0.53,5.58,2.9574000000000003,"Ethereum Up or Down - March 21, 3:40PM-3:45PM ET"
1774122015,2026-03-21 19:40:15,BUY,Up,0.53,5.0,2.6500000000000004,"Ethereum Up or Down - March 21, 3:40PM-3:45PM ET"
1774122017,2026-03-21 19:40:17,BUY,Up,0.53,5.58,2.9574000000000003,"Ethereum Up or Down - March 21, 3:40PM-3:45PM ET"
1774122023,2026-03-21 19:40:23,BUY,Up,0.3800000148010626,12.161289,4.62129,"Bitcoin Up or Down - March 21, 3:40PM-3:45PM ET"
1774122023,2026-03-21 19:40:23,BUY,Up,0.38,10.1,3.838,"Bitcoin Up or Down - March 21, 3:40PM-3:45PM ET"
1774122023,2026-03-21 19:40:23,BUY,Up,0.3800000354285795,5.64516,2.145161,"Bitcoin Up or Down - March 21, 3:40PM-3:45PM ET"
1774122023,2026-03-21 19:40:23,BUY,Up,0.38000001377778003,8.709676,3.309677,"Bitcoin Up or Down - March 21, 3:40PM-3:45PM ET"
1774122023,2026-03-21 19:40:23,BUY,Up,0.38000005693879935,6.322578,2.40258,"Bitcoin Up or Down - March 21, 3:40PM-3:45PM ET"
1774122023,2026-03-21 19:40:23,BUY,Up,0.3800005130502217,0.506773,0.19257400000000002,"Bitcoin Up or Down - March 21, 3:40PM-3:45PM ET"
1774122025,2026-03-21 19:40:25,BUY,Down,0.5900000468571567,5.975608,3.5256090000000007,"Bitcoin Up or Down - March 21, 3:40PM-3:45PM ET"
1774122025,2026-03-21 19:40:25,BUY,Up,0.3800000424657602,7.064515,2.684516,"Bitcoin Up or Down - March 21, 3:40PM-3:45PM ET"
1774122025,2026-03-21 19:40:25,BUY,Up,0.3800000078110248,20.483868,7.783870000000001,"Bitcoin Up or Down - March 21, 3:40PM-3:45PM ET"
1774122025,2026-03-21 19:40:25,BUY,Up,0.3800000213793188,7.483868,2.84387,"Bitcoin Up or Down - March 21, 3:40PM-3:45PM ET"
1774122025,2026-03-21 19:40:25,BUY,Down,0.5900000164000027,12.19512,7.195121,"Bitcoin Up or Down - March 21, 3:40PM-3:45PM ET"
1774122025,2026-03-21 19:40:25,BUY,Down,0.59,1.98,1.1682,"Bitcoin Up or Down - March 21, 3:40PM-3:45PM ET"
1774122025,2026-03-21 19:40:25,BUY,Up,0.38,22.48,8.5424,"Bitcoin Up or Down - March 21, 3:40PM-3:45PM ET"
1774122025,2026-03-21 19:40:25,BUY,Down,0.5900001763001005,2.439023,1.439024,"Bitcoin Up or Down - March 21, 3:40PM-3:45PM ET"
1774122025,2026-03-21 19:40:25,BUY,Down,0.59,5.0,2.9499999999999997,"Bitcoin Up or Down - March 21, 3:40PM-3:45PM ET"
1774122025,2026-03-21 19:40:25,BUY,Down,0.5900000192889986,20.218779,11.92908,"Bitcoin Up or Down - March 21, 3:40PM-3:45PM ET"
1774122027,2026-03-21 19:40:27,BUY,Down,0.57,8.59,4.896299999999999,"Bitcoin Up or Down - March 21, 3:40PM-3:45PM ET"
1774122027,2026-03-21 19:40:27,BUY,Down,0.57,10.3,5.8709999999999996,"Bitcoin Up or Down - March 21, 3:40PM-3:45PM ET"
1774122027,2026-03-21 19:40:27,BUY,Down,0.5700000048733336,34.883719,19.88372,"Bitcoin Up or Down - March 21, 3:40PM-3:45PM ET"
1774122027,2026-03-21 19:40:27,BUY,Down,0.5700002004238053,2.744185,1.564186,"Bitcoin Up or Down - March 21, 3:40PM-3:45PM ET"
1774122027,2026-03-21 19:40:27,BUY,Down,0.5700001329091706,2.558138,1.4581389999999999,"Bitcoin Up or Down - March 21, 3:40PM-3:45PM ET"
1774122027,2026-03-21 19:40:27,BUY,Down,0.57,4.93,2.8100999999999994,"Bitcoin Up or Down - March 21, 3:40PM-3:45PM ET"
1774122027,2026-03-21 19:40:27,BUY,Down,0.58,32.94,19.105199999999996,"Bitcoin Up or Down - March 21, 3:40PM-3:45PM ET"
1774122027,2026-03-21 19:40:27,BUY,Down,0.5800000211147553,21.785713,12.635714,"Bitcoin Up or Down - March 21, 3:40PM-3:45PM ET"
1774122027,2026-03-21 19:40:27,BUY,Down,0.5800000082133413,46.266189,26.83439,"Bitcoin Up or Down - March 21, 3:40PM-3:45PM ET"
1774122029,2026-03-21 19:40:29,BUY,Down,0.55,101.0,55.550000000000004,"Bitcoin Up or Down - March 21, 3:40PM-3:45PM ET"
1774122029,2026-03-21 19:40:29,BUY,Down,0.57,31.86,18.1602,"Bitcoin Up or Down - March 21, 3:40PM-3:45PM ET"
1774122033,2026-03-21 19:40:33,BUY,Up,0.53,99.43322,52.6996066,"Bitcoin Up or Down - March 21, 3:40PM-3:45PM ET"
1774122035,2026-03-21 19:40:35,BUY,Up,0.53,99.43322,52.6996066,"Bitcoin Up or Down - March 21, 3:40PM-3:45PM ET"
1774122035,2026-03-21 19:40:35,BUY,Up,0.53,99.43322,52.6996066,"Bitcoin Up or Down - March 21, 3:40PM-3:45PM ET"
1774122035,2026-03-21 19:40:35,BUY,Up,0.53,99.43322,52.6996066,"Bitcoin Up or Down - March 21, 3:40PM-3:45PM ET"
1774122037,2026-03-21 19:40:37,BUY,Up,0.52,101.0,52.52,"Bitcoin Up or Down - March 21, 3:40PM-3:45PM ET"
1774122045,2026-03-21 19:40:45,BUY,Up,0.53,1.78,0.9434,"Bitcoin Up or Down - March 21, 3:40PM-3:45PM ET"
1774122045,2026-03-21 19:40:45,BUY,Up,0.53,29.22,15.486600000000001,"Bitcoin Up or Down - March 21, 3:40PM-3:45PM ET"
1774122045,2026-03-21 19:40:45,BUY,Up,0.53,70.0,37.1,"Bitcoin Up or Down - March 21, 3:40PM-3:45PM ET"
1774122055,2026-03-21 19:40:55,BUY,Down,0.4600000264673499,15.11296,6.951962,"Bitcoin Up or Down - March 21, 3:40PM-3:45PM ET"
1774122055,2026-03-21 19:40:55,BUY,Down,0.46,7.84,3.6064000000000003,"Bitcoin Up or Down - March 21, 3:40PM-3:45PM ET"
1774122057,2026-03-21 19:40:57,BUY,Down,0.4600000270967777,10.333332,4.7533330000000005,"Bitcoin Up or Down - March 21, 3:40PM-3:45PM ET"
1774122057,2026-03-21 19:40:57,BUY,Down,0.4600000097200008,18.518517,8.518518,"Bitcoin Up or Down - March 21, 3:40PM-3:45PM ET"
1774122057,2026-03-21 19:40:57,BUY,Down,0.46000042949011266,0.605369,0.27847000000000005,"Bitcoin Up or Down - March 21, 3:40PM-3:45PM ET"
1774122059,2026-03-21 19:40:59,BUY,Down,0.4600000121596526,19.737406,9.079207,"Bitcoin Up or Down - March 21, 3:40PM-3:45PM ET"
1774122059,2026-03-21 19:40:59,BUY,Down,0.46,2.52,1.1592,"Bitcoin Up or Down - March 21, 3:40PM-3:45PM ET"
1774122059,2026-03-21 19:40:59,BUY,Down,0.46,1.85185,0.851851,"Bitcoin Up or Down - March 21, 3:40PM-3:45PM ET"
1774122067,2026-03-21 19:41:07,BUY,Up,0.67,10.0,6.7,"Bitcoin Up or Down - March 21, 3:40PM-3:45PM ET"
1774122067,2026-03-21 19:41:07,SELL,Down,0.3,5.0,1.5,"Bitcoin Up or Down - March 21, 3:40PM-3:45PM ET"
1774122067,2026-03-21 19:41:07,SELL,Down,0.2999999387754977,8.166665,2.449999,"Bitcoin Up or Down - March 21, 3:40PM-3:45PM ET"
1774122067,2026-03-21 19:41:07,BUY,Up,0.67,5.08,3.4036000000000004,"Bitcoin Up or Down - March 21, 3:40PM-3:45PM ET"
1774122069,2026-03-21 19:41:09,SELL,Down,0.3,6.0,1.7999999999999998,"Bitcoin Up or Down - March 21, 3:40PM-3:45PM ET"
1774122069,2026-03-21 19:41:09,SELL,Down,0.3,5.0,1.5,"Bitcoin Up or Down - March 21, 3:40PM-3:45PM ET"
1774122069,2026-03-21 19:41:09,SELL,Down,0.3,6.44,1.932,"Bitcoin Up or Down - March 21, 3:40PM-3:45PM ET"
1774122069,2026-03-21 19:41:09,SELL,Down,0.3,5.0,1.5,"Bitcoin Up or Down - March 21, 3:40PM-3:45PM ET"
1774122069,2026-03-21 19:41:09,SELL,Down,0.299999851485075,3.366665,1.009999,"Bitcoin Up or Down - March 21, 3:40PM-3:45PM ET"
1774122069,2026-03-21 19:41:09,SELL,Down,0.3,5.0,1.5,"Bitcoin Up or Down - March 21, 3:40PM-3:45PM ET"
1774122069,2026-03-21 19:41:09,SELL,Down,0.3,5.0,1.5,"Bitcoin Up or Down - March 21, 3:40PM-3:45PM ET"
1774122069,2026-03-21 19:41:09,SELL,Down,0.3,13.98,4.194,"Bitcoin Up or Down - March 21, 3:40PM-3:45PM ET"
1774122069,2026-03-21 19:41:09,SELL,Down,0.3,14.7,4.409999999999999,"Bitcoin Up or Down - March 21, 3:40PM-3:45PM ET"
1774122069,2026-03-21 19:41:09,SELL,Down,0.3,5.0,1.5,"Bitcoin Up or Down - March 21, 3:40PM-3:45PM ET"
1774122069,2026-03-21 19:41:09,SELL,Down,0.299999819999928,3.333332,0.9999989999999999,"Bitcoin Up or Down - March 21, 3:40PM-3:45PM ET"
1774122069,2026-03-21 19:41:09,SELL,Down,0.3,15.0,4.5,"Bitcoin Up or Down - March 21, 3:40PM-3:45PM ET"
1774122073,2026-03-21 19:41:13,BUY,Down,0.4,9.04,3.6159999999999997,"Bitcoin Up or Down - March 21, 3:40PM-3:45PM ET"
1774122073,2026-03-21 19:41:13,BUY,Down,0.4,5.0,2.0,"Bitcoin Up or Down - March 21, 3:40PM-3:45PM ET"
1774122073,2026-03-21 19:41:13,BUY,Down,0.40000004013379,4.983332,1.9933329999999998,"Bitcoin Up or Down - March 21, 3:40PM-3:45PM ET"
1774122073,2026-03-21 19:41:13,BUY,Down,0.4,0.04,0.016,"Bitcoin Up or Down - March 21, 3:40PM-3:45PM ET"
1774122073,2026-03-21 19:41:13,BUY,Down,0.4,0.53,0.21200000000000002,"Bitcoin Up or Down - March 21, 3:40PM-3:45PM ET"
1774122073,2026-03-21 19:41:13,BUY,Down,0.4,0.1,0.04000000000000001,"Bitcoin Up or Down - March 21, 3:40PM-3:45PM ET"
1774122073,2026-03-21 19:41:13,BUY,Down,0.4,0.11,0.044000000000000004,"Bitcoin Up or Down - March 21, 3:40PM-3:45PM ET"
1774122073,2026-03-21 19:41:13,BUY,Down,0.4,0.08,0.032,"Bitcoin Up or Down - March 21, 3:40PM-3:45PM ET"
1774122073,2026-03-21 19:41:13,BUY,Down,0.4,0.07,0.028000000000000004,"Bitcoin Up or Down - March 21, 3:40PM-3:45PM ET"
1774122073,2026-03-21 19:41:13,BUY,Down,0.4,0.03,0.012,"Bitcoin Up or Down - March 21, 3:40PM-3:45PM ET"
1774122073,2026-03-21 19:41:13,BUY,Down,0.4,0.15,0.06,"Bitcoin Up or Down - March 21, 3:40PM-3:45PM ET"
1774122073,2026-03-21 19:41:13,BUY,Down,0.4,5.0,2.0,"Bitcoin Up or Down - March 21, 3:40PM-3:45PM ET"
1774122073,2026-03-21 19:41:13,BUY,Down,0.4,0.21,0.084,"Bitcoin Up or Down - March 21, 3:40PM-3:45PM ET"
1774122073,2026-03-21 19:41:13,BUY,Down,0.4,10.05,4.0200000000000005,"Bitcoin Up or Down - March 21, 3:40PM-3:45PM ET"
1774122073,2026-03-21 19:41:13,BUY,Down,0.4000000031298007,63.901832,25.560733,"Bitcoin Up or Down - March 21, 3:40PM-3:45PM ET"
1774122079,2026-03-21 19:41:19,BUY,Down,0.34,99.72853,33.90770020000001,"Ethereum Up or Down - March 21, 3:40PM-3:45PM ET"
1774122079,2026-03-21 19:41:19,BUY,Up,0.54,9.93,5.3622000000000005,"Bitcoin Up or Down - March 21, 3:40PM-3:45PM ET"
1774122079,2026-03-21 19:41:19,BUY,Up,0.52,15.0,7.800000000000001,"Bitcoin Up or Down - March 21, 3:40PM-3:45PM ET"
1774122079,2026-03-21 19:41:19,BUY,Up,0.52,0.58,0.3016,"Bitcoin Up or Down - March 21, 3:40PM-3:45PM ET"
1774122081,2026-03-21 19:41:21,BUY,Up,0.52,35.42,18.418400000000002,"Bitcoin Up or Down - March 21, 3:40PM-3:45PM ET"
1774122081,2026-03-21 19:41:21,BUY,Up,0.52,50.0,26.0,"Bitcoin Up or Down - March 21, 3:40PM-3:45PM ET"
1774122081,2026-03-21 19:41:21,BUY,Down,0.330000077767987,1.671639,0.551641,"Ethereum Up or Down - March 21, 3:40PM-3:45PM ET"
1774122081,2026-03-21 19:41:21,BUY,Down,0.3300000804000707,2.985072,0.985074,"Ethereum Up or Down - March 21, 3:40PM-3:45PM ET"
1774122081,2026-03-21 19:41:21,BUY,Down,0.33,13.0,4.29,"Ethereum Up or Down - March 21, 3:40PM-3:45PM ET"
1774122081,2026-03-21 19:41:21,BUY,Down,0.33,10.94,3.6102,"Ethereum Up or Down - March 21, 3:40PM-3:45PM ET"
1774122097,2026-03-21 19:41:37,BUY,Down,0.32,93.8,30.016,"Ethereum Up or Down - March 21, 3:40PM-3:45PM ET"
1774122099,2026-03-21 19:41:39,BUY,Down,0.32,7.2,2.3040000000000003,"Ethereum Up or Down - March 21, 3:40PM-3:45PM ET"
1774122105,2026-03-21 19:41:45,BUY,Up,0.6600000663414828,6.02941,3.979411,"Bitcoin Up or Down - March 21, 3:40PM-3:45PM ET"
1774122105,2026-03-21 19:41:45,BUY,Up,0.66,15.0,9.9,"Bitcoin Up or Down - March 21, 3:40PM-3:45PM ET"
1774122105,2026-03-21 19:41:45,BUY,Up,0.66,5.0,3.3000000000000003,"Bitcoin Up or Down - March 21, 3:40PM-3:45PM ET"
1774122105,2026-03-21 19:41:45,BUY,Up,0.66,1.01,0.6666000000000001,"Bitcoin Up or Down - March 21, 3:40PM-3:45PM ET"
1774122105,2026-03-21 19:41:45,BUY,Up,0.6600000142800009,29.411763,19.411764,"Bitcoin Up or Down - March 21, 3:40PM-3:45PM ET"
1774122105,2026-03-21 19:41:45,BUY,Up,0.660000170000085,2.941175,1.941176,"Bitcoin Up or Down - March 21, 3:40PM-3:45PM ET"
1774122105,2026-03-21 19:41:45,BUY,Up,0.66,5.0,3.3000000000000003,"Bitcoin Up or Down - March 21, 3:40PM-3:45PM ET"
1774122105,2026-03-21 19:41:45,BUY,Up,0.66,5.0,3.3000000000000003,"Bitcoin Up or Down - March 21, 3:40PM-3:45PM ET"
1774122107,2026-03-21 19:41:47,BUY,Up,0.66,3.04,2.0064,"Bitcoin Up or Down - March 21, 3:40PM-3:45PM ET"
1774122109,2026-03-21 19:41:49,BUY,Up,0.6500000157500009,28.571427,18.571428,"Bitcoin Up or Down - March 21, 3:40PM-3:45PM ET"
1774122109,2026-03-21 19:41:49,BUY,Up,0.65,21.3,13.845,"Bitcoin Up or Down - March 21, 3:40PM-3:45PM ET"
1774122109,2026-03-21 19:41:49,BUY,Up,0.66,14.1,9.306000000000001,"Bitcoin Up or Down - March 21, 3:40PM-3:45PM ET"
1774122109,2026-03-21 19:41:49,BUY,Up,0.6600000674836195,6.816469,4.49887,"Bitcoin Up or Down - March 21, 3:40PM-3:45PM ET"
1774122109,2026-03-21 19:41:49,BUY,Up,0.66,4.65,3.0690000000000004,"Bitcoin Up or Down - March 21, 3:40PM-3:45PM ET"
1774122111,2026-03-21 19:41:51,BUY,Up,0.65,36.28,23.582,"Bitcoin Up or Down - March 21, 3:40PM-3:45PM ET"
1774122111,2026-03-21 19:41:51,BUY,Up,0.650000070000021,5.714284,3.7142850000000003,"Bitcoin Up or Down - March 21, 3:40PM-3:45PM ET"
1774122111,2026-03-21 19:41:51,BUY,Up,0.6500000802752478,6.22857,4.048571000000001,"Bitcoin Up or Down - March 21, 3:40PM-3:45PM ET"
1774122111,2026-03-21 19:41:51,SELL,Down,0.36999996743999636,13.513512,4.999999,"Bitcoin Up or Down - March 21, 3:40PM-3:45PM ET"
1774122111,2026-03-21 19:41:51,SELL,Down,0.36999998843749965,42.378377,15.679999,"Bitcoin Up or Down - March 21, 3:40PM-3:45PM ET"
1774122111,2026-03-21 19:41:51,SELL,Down,0.37,20.92,7.7404,"Bitcoin Up or Down - March 21, 3:40PM-3:45PM ET"
