timestamp,side,outcome,price,size,usdc,market
2026-03-19 22:32:15.000,BUY,Up,0.21999997540372565,29.057236,0,"Bitcoin Up or Down - March 19, 6:30PM-6:35PM ET"
2026-03-19 22:32:11.000,BUY,Up,0.19521531100478468,31.156560000000002,0,"Bitcoin Up or Down - March 19, 6:30PM-6:35PM ET"
2026-03-19 22:32:09.000,SELL,Down,0.83,7.75,0,"Bitcoin Up or Down - March 19, 6:30PM-6:35PM ET"
2026-03-19 22:32:05.000,SELL,Up,0.14447427293064877,22.35,0,"Bitcoin Up or Down - March 19, 6:30PM-6:35PM ET"
2026-03-19 22:31:55.000,BUY,Up,0.17999997719999908,33.151792,0,"Bitcoin Up or Down - March 19, 6:30PM-6:35PM ET"
2026-03-19 22:31:17.000,SELL,Down,0.87,8.61,0,"Bitcoin Up or Down - March 19, 6:30PM-6:35PM ET"
2026-03-19 22:31:15.000,BUY,Up,0.1476369619932736,24.490002,0,"Bitcoin Up or Down - March 19, 6:30PM-6:35PM ET"
2026-03-19 22:31:09.000,SELL,Up,0.12404830917874396,20.7,0,"Bitcoin Up or Down - March 19, 6:30PM-6:35PM ET"
2026-03-19 22:31:05.000,SELL,Up,0.1949838337182448,21.65,0,"Bitcoin Up or Down - March 19, 6:30PM-6:35PM ET"
2026-03-19 22:30:53.000,SELL,Up,0.24,37.48,0,"Bitcoin Up or Down - March 19, 6:30PM-6:35PM ET"
2026-03-19 22:30:51.000,SELL,Up,0.25,9.74,0,"Bitcoin Up or Down - March 19, 6:30PM-6:35PM ET"
2026-03-19 22:30:47.000,SELL,Up,0.27,44.47,0,"Bitcoin Up or Down - March 19, 6:30PM-6:35PM ET"
2026-03-19 22:30:25.000,SELL,Up,0.4,46.78,0,"Bitcoin Up or Down - March 19, 6:30PM-6:35PM ET"
2026-03-19 22:30:13.000,BUY,Up,0.469999989493293,28.11026,0,"Bitcoin Up or Down - March 19, 6:30PM-6:35PM ET"
2026-03-19 22:30:03.000,,,0,1099.23454,0,"Bitcoin Up or Down - March 19, 6:20PM-6:25PM ET"
2026-03-19 22:28:35.000,,,0.5,1000,0,"Bitcoin Up or Down - March 19, 6:30PM-6:35PM ET"
2026-03-19 22:28:23.000,BUY,Up,0.3943789379786038,78.45837,0,"Bitcoin Up or Down - March 19, 6:25PM-6:30PM ET"
2026-03-19 22:28:19.000,SELL,Up,0.25986679822397635,60.81,0,"Bitcoin Up or Down - March 19, 6:25PM-6:30PM ET"
2026-03-19 22:27:41.000,SELL,Up,0.38,24.32,0,"Bitcoin Up or Down - March 19, 6:25PM-6:30PM ET"
2026-03-19 22:27:11.000,SELL,Up,0.44,15.78,0,"Bitcoin Up or Down - March 19, 6:25PM-6:30PM ET"
2026-03-19 22:27:09.000,BUY,Down,0.45486986416660735,17.273817,0,"Bitcoin Up or Down - March 19, 6:25PM-6:30PM ET"
2026-03-19 22:26:27.000,BUY,Down,0.41,54.19542,0,"Bitcoin Up or Down - March 19, 6:25PM-6:30PM ET"
2026-03-19 22:26:21.000,BUY,Down,0.4,28.336,0,"Bitcoin Up or Down - March 19, 6:25PM-6:30PM ET"
2026-03-19 22:26:19.000,SELL,Down,0.31,53.4,0,"Bitcoin Up or Down - March 19, 6:25PM-6:30PM ET"
2026-03-19 22:26:17.000,SELL,Down,0.33,19.78,0,"Bitcoin Up or Down - March 19, 6:25PM-6:30PM ET"
2026-03-19 22:26:13.000,SELL,Down,0.35,53.4,0,"Bitcoin Up or Down - March 19, 6:25PM-6:30PM ET"
2026-03-19 22:25:53.000,SELL,Down,0.39,45.64,0,"Bitcoin Up or Down - March 19, 6:25PM-6:30PM ET"
2026-03-19 22:25:51.000,BUY,Down,0.3899999198333053,4.550083,0,"Bitcoin Up or Down - March 19, 6:25PM-6:30PM ET"
2026-03-19 22:25:45.000,SELL,Down,0.35,71.21,0,"Bitcoin Up or Down - March 19, 6:25PM-6:30PM ET"
2026-03-19 22:25:01.000,,,0,988.39887,0,"Bitcoin Up or Down - March 19, 6:15PM-6:20PM ET"
2026-03-19 22:23:35.000,,,0.5,1000,0,"Bitcoin Up or Down - March 19, 6:25PM-6:30PM ET"
2026-03-19 22:22:33.000,BUY,Up,0.1715802781289507,31.48019,0,"Bitcoin Up or Down - March 19, 6:20PM-6:25PM ET"
2026-03-19 22:22:13.000,BUY,Up,0.1899999300497422,10.516306,0,"Bitcoin Up or Down - March 19, 6:20PM-6:25PM ET"
2026-03-19 22:22:09.000,SELL,Up,0.13,10.76,0,"Bitcoin Up or Down - March 19, 6:20PM-6:25PM ET"
2026-03-19 22:21:57.000,SELL,Up,0.27,27.82,0,"Bitcoin Up or Down - March 19, 6:20PM-6:25PM ET"
2026-03-19 22:21:41.000,BUY,Up,0.35999996629786835,12.882294,0,"Bitcoin Up or Down - March 19, 6:20PM-6:25PM ET"
2026-03-19 22:21:39.000,BUY,Up,0.309999971016257,15.689435999999999,0,"Bitcoin Up or Down - March 19, 6:20PM-6:25PM ET"
2026-03-19 22:21:33.000,SELL,Up,0.26,38.75,0,"Bitcoin Up or Down - March 19, 6:20PM-6:25PM ET"
2026-03-19 22:21:07.000,SELL,Up,0.35078233927188224,12.91,0,"Bitcoin Up or Down - March 19, 6:20PM-6:25PM ET"
2026-03-19 22:21:05.000,SELL,Up,0.39,8.94,0,"Bitcoin Up or Down - March 19, 6:20PM-6:25PM ET"
2026-03-19 22:20:47.000,BUY,Up,0.379999979694655,20.397178999999998,0,"Bitcoin Up or Down - March 19, 6:20PM-6:25PM ET"
2026-03-19 22:20:31.000,BUY,Down,0.5794311525861213,99.23454000000001,0,"Bitcoin Up or Down - March 19, 6:20PM-6:25PM ET"
2026-03-19 22:20:03.000,,,0,949.201631,0,"Bitcoin Up or Down - March 19, 6:10PM-6:15PM ET"
2026-03-19 22:19:49.000,SELL,Down,0.69,6.74,0,"Bitcoin Up or Down - March 19, 6:15PM-6:20PM ET"
2026-03-19 22:19:49.000,BUY,Up,0.12276426502367925,43.37188,0,"Bitcoin Up or Down - March 19, 6:15PM-6:20PM ET"
2026-03-19 22:19:47.000,BUY,Up,0.1,78.44084,0,"Bitcoin Up or Down - March 19, 6:15PM-6:20PM ET"
2026-03-19 22:19:45.000,BUY,Up,0.1,72.45299,0,"Bitcoin Up or Down - March 19, 6:15PM-6:20PM ET"
2026-03-19 22:19:43.000,SELL,Down,0.91,10.28,0,"Bitcoin Up or Down - March 19, 6:15PM-6:20PM ET"
2026-03-19 22:18:35.000,,,0.5,1000,0,"Bitcoin Up or Down - March 19, 6:20PM-6:25PM ET"
2026-03-19 22:17:19.000,SELL,Down,0.86,11.2,0,"Bitcoin Up or Down - March 19, 6:15PM-6:20PM ET"
2026-03-19 22:17:05.000,SELL,Up,0.11,10.76,0,"Bitcoin Up or Down - March 19, 6:15PM-6:20PM ET"
2026-03-19 22:17:01.000,SELL,Up,0.15,5,0,"Bitcoin Up or Down - March 19, 6:15PM-6:20PM ET"
2026-03-19 22:16:59.000,BUY,Up,0.20999997654999872,28.374837,0,"Bitcoin Up or Down - March 19, 6:15PM-6:20PM ET"
2026-03-19 22:16:37.000,SELL,Up,0.19,5,0,"Bitcoin Up or Down - March 19, 6:15PM-6:20PM ET"
2026-03-19 22:16:33.000,SELL,Up,0.28,12.91,0,"Bitcoin Up or Down - March 19, 6:15PM-6:20PM ET"
2026-03-19 22:16:11.000,BUY,Up,0.33999997680967997,26.398733,0,"Bitcoin Up or Down - March 19, 6:15PM-6:20PM ET"
2026-03-19 22:16:05.000,SELL,Up,0.4,5,0,"Bitcoin Up or Down - March 19, 6:15PM-6:20PM ET"
2026-03-19 22:16:03.000,BUY,Down,0.56,16.61887,0,"Bitcoin Up or Down - March 19, 6:15PM-6:20PM ET"
2026-03-19 22:15:35.000,BUY,Up,0.549999994963369,9.775250999999999,0,"Bitcoin Up or Down - March 19, 6:15PM-6:20PM ET"
2026-03-19 22:15:27.000,BUY,Up,0.4899999640277733,10.125133,0,"Bitcoin Up or Down - March 19, 6:15PM-6:20PM ET"
2026-03-19 22:15:25.000,BUY,Up,0.4899999907366358,30.817361000000002,0,"Bitcoin Up or Down - March 19, 6:15PM-6:20PM ET"
2026-03-19 22:15:17.000,BUY,Up,0.41999997707602016,12.033083999999999,0,"Bitcoin Up or Down - March 19, 6:15PM-6:20PM ET"
2026-03-19 22:15:11.000,BUY,Up,0.3599999794285705,26.860961,0,"Bitcoin Up or Down - March 19, 6:15PM-6:20PM ET"
2026-03-19 22:15:03.000,,,0,1183.674446,0,"Bitcoin Up or Down - March 19, 6:05PM-6:10PM ET"
2026-03-19 22:14:07.000,SELL,Down,0.07,55.16,0,"Bitcoin Up or Down - March 19, 6:10PM-6:15PM ET"
2026-03-19 22:13:53.000,SELL,Down,0.20806018269747448,18.61,0,"Bitcoin Up or Down - March 19, 6:10PM-6:15PM ET"
2026-03-19 22:13:49.000,SELL,Down,0.4,12.17,0,"Bitcoin Up or Down - March 19, 6:10PM-6:15PM ET"
2026-03-19 22:13:37.000,BUY,Up,0.5062752781298036,34.356789,0,"Bitcoin Up or Down - March 19, 6:10PM-6:15PM ET"
2026-03-19 22:13:35.000,,,0.5,1000,0,"Bitcoin Up or Down - March 19, 6:15PM-6:20PM ET"
2026-03-19 22:13:11.000,BUY,Up,0.3589818882122599,48.46098,0,"Bitcoin Up or Down - March 19, 6:10PM-6:15PM ET"
2026-03-19 22:13:05.000,SELL,Up,0.2878130533771819,79.06,0,"Bitcoin Up or Down - March 19, 6:10PM-6:15PM ET"
2026-03-19 22:12:35.000,SELL,Up,0.38,8.77,0,"Bitcoin Up or Down - March 19, 6:10PM-6:15PM ET"
2026-03-19 22:12:33.000,BUY,Down,0.5599999688888819,12.661999999999999,0,"Bitcoin Up or Down - March 19, 6:10PM-6:15PM ET"
2026-03-19 22:12:31.000,SELL,Down,0.48,12.17,0,"Bitcoin Up or Down - March 19, 6:10PM-6:15PM ET"
2026-03-19 22:12:25.000,BUY,Up,0.42999995618866715,6.070239,0,"Bitcoin Up or Down - March 19, 6:10PM-6:15PM ET"
2026-03-19 22:11:41.000,SELL,Up,0.33096275652394225,39.47,0,"Bitcoin Up or Down - March 19, 6:10PM-6:15PM ET"
2026-03-19 22:11:37.000,BUY,Up,0.42492323839470786,19.403623000000003,0,"Bitcoin Up or Down - March 19, 6:10PM-6:15PM ET"
2026-03-19 22:10:33.000,SELL,Up,0.39,31.79,0,"Bitcoin Up or Down - March 19, 6:10PM-6:15PM ET"
2026-03-19 22:10:31.000,BUY,Down,0.5235617526938819,52.79835,0,"Bitcoin Up or Down - March 19, 6:10PM-6:15PM ET"
2026-03-19 22:10:17.000,BUY,Down,0.5199999909956707,39.358067999999996,0,"Bitcoin Up or Down - March 19, 6:10PM-6:15PM ET"
2026-03-19 22:10:09.000,SELL,Down,0.47,13.44,0,"Bitcoin Up or Down - March 19, 6:10PM-6:15PM ET"
2026-03-19 22:10:03.000,,,0,1098.869889,0,"Bitcoin Up or Down - March 19, 6:00PM-6:05PM ET"
2026-03-19 22:09:31.000,SELL,Up,0.89,34.44,0,"Bitcoin Up or Down - March 19, 6:05PM-6:10PM ET"
2026-03-19 22:08:45.000,SELL,Down,0.06,17.23,0,"Bitcoin Up or Down - March 19, 6:05PM-6:10PM ET"
2026-03-19 22:08:43.000,SELL,Down,0.1,14.91,0,"Bitcoin Up or Down - March 19, 6:05PM-6:10PM ET"
2026-03-19 22:08:39.000,SELL,Down,0.14,55.16,0,"Bitcoin Up or Down - March 19, 6:05PM-6:10PM ET"
2026-03-19 22:08:39.000,SELL,Down,0.23,24.82,0,"Bitcoin Up or Down - March 19, 6:05PM-6:10PM ET"
2026-03-19 22:08:35.000,,,0.5,1000,0,"Bitcoin Up or Down - March 19, 6:10PM-6:15PM ET"
2026-03-19 22:08:33.000,SELL,Down,0.24,12.41,0,"Bitcoin Up or Down - March 19, 6:05PM-6:10PM ET"
2026-03-19 22:08:31.000,SELL,Down,0.33,28.95,0,"Bitcoin Up or Down - March 19, 6:05PM-6:10PM ET"
2026-03-19 22:08:21.000,SELL,Down,0.34,25.85,0,"Bitcoin Up or Down - March 19, 6:05PM-6:10PM ET"
2026-03-19 22:08:07.000,BUY,Up,0.5299999806921665,20.395609999999998,0,"Bitcoin Up or Down - March 19, 6:05PM-6:10PM ET"
2026-03-19 22:07:53.000,BUY,Down,0.5509178839680886,22.681804,0,"Bitcoin Up or Down - March 19, 6:05PM-6:10PM ET"
2026-03-19 22:07:37.000,BUY,Down,0.46,16.24548,0,"Bitcoin Up or Down - March 19, 6:05PM-6:10PM ET"
2026-03-19 22:07:33.000,SELL,Down,0.4076518001074691,18.61,0,"Bitcoin Up or Down - March 19, 6:05PM-6:10PM ET"
2026-03-19 22:07:31.000,SELL,Down,0.46,9.28,0,"Bitcoin Up or Down - March 19, 6:05PM-6:10PM ET"
2026-03-19 22:07:29.000,BUY,Up,0.5127401416272475,22.712084,0,"Bitcoin Up or Down - March 19, 6:05PM-6:10PM ET"
2026-03-19 22:07:27.000,BUY,Up,0.5,21.085320000000003,0,"Bitcoin Up or Down - March 19, 6:05PM-6:10PM ET"
2026-03-19 22:07:25.000,BUY,Up,0.4059747125871239,25.997391,0,"Bitcoin Up or Down - March 19, 6:05PM-6:10PM ET"
2026-03-19 22:07:25.000,BUY,Up,0.45917306314880985,53.198893000000005,0,"Bitcoin Up or Down - March 19, 6:05PM-6:10PM ET"
2026-03-19 22:07:19.000,BUY,Up,0.32999998143222375,23.407367999999998,0,"Bitcoin Up or Down - March 19, 6:05PM-6:10PM ET"
2026-03-19 22:07:13.000,BUY,Up,0.32860938883968116,33.45785,0,"Bitcoin Up or Down - March 19, 6:05PM-6:10PM ET"
2026-03-19 22:06:25.000,SELL,Up,0.3571868008948546,17.88,0,"Bitcoin Up or Down - March 19, 6:05PM-6:10PM ET"
2026-03-19 22:06:15.000,BUY,Up,0.4199999863847775,33.284503,0,"Bitcoin Up or Down - March 19, 6:05PM-6:10PM ET"
2026-03-19 22:06:15.000,BUY,Up,0.45,17.13354,0,"Bitcoin Up or Down - March 19, 6:05PM-6:10PM ET"
2026-03-19 22:06:13.000,BUY,Up,0.3921421889616464,26.345390000000002,0,"Bitcoin Up or Down - March 19, 6:05PM-6:10PM ET"
2026-03-19 22:06:09.000,BUY,Up,0.3797674675808368,25.447342,0,"Bitcoin Up or Down - March 19, 6:05PM-6:10PM ET"
2026-03-19 22:06:01.000,BUY,Up,0.3499998919752753,4.56869,0,"Bitcoin Up or Down - March 19, 6:05PM-6:10PM ET"
2026-03-19 22:05:49.000,SELL,Up,0.27389559965487487,23.18,0,"Bitcoin Up or Down - March 19, 6:05PM-6:10PM ET"
2026-03-19 22:05:43.000,SELL,Up,0.29,13.99,0,"Bitcoin Up or Down - March 19, 6:05PM-6:10PM ET"
2026-03-19 22:05:35.000,SELL,Up,0.32,26.19,0,"Bitcoin Up or Down - March 19, 6:05PM-6:10PM ET"
2026-03-19 22:05:31.000,SELL,Up,0.3,10.76,0,"Bitcoin Up or Down - March 19, 6:05PM-6:10PM ET"
2026-03-19 22:05:31.000,SELL,Up,0.37,8.28,0,"Bitcoin Up or Down - March 19, 6:05PM-6:10PM ET"
2026-03-19 22:05:27.000,SELL,Up,0.44,6.62,0,"Bitcoin Up or Down - March 19, 6:05PM-6:10PM ET"
2026-03-19 22:05:17.000,BUY,Up,0.4845251146914875,17.980465000000002,0,"Bitcoin Up or Down - March 19, 6:05PM-6:10PM ET"
2026-03-19 22:05:03.000,,,0,989.24,0,"Bitcoin Up or Down - March 19, 5:55PM-6:00PM ET"
2026-03-19 22:04:13.000,BUY,Up,0.18999997038960859,24.171808000000002,0,"Bitcoin Up or Down - March 19, 6:00PM-6:05PM ET"
2026-03-19 22:04:09.000,SELL,Down,0.89,13.12,0,"Bitcoin Up or Down - March 19, 6:00PM-6:05PM ET"
2026-03-19 22:04:07.000,SELL,Up,0.07,11.8,0,"Bitcoin Up or Down - March 19, 6:00PM-6:05PM ET"
2026-03-19 22:03:51.000,SELL,Up,0.2,13.62,0,"Bitcoin Up or Down - March 19, 6:00PM-6:05PM ET"
2026-03-19 22:03:47.000,SELL,Down,0.75,5.11,0,"Bitcoin Up or Down - March 19, 6:00PM-6:05PM ET"
2026-03-19 22:03:37.000,SELL,Up,0.21,73.78,0,"Bitcoin Up or Down - March 19, 6:00PM-6:05PM ET"
2026-03-19 22:03:35.000,,,0.5,1000,0,"Bitcoin Up or Down - March 19, 6:05PM-6:10PM ET"
2026-03-19 22:03:27.000,SELL,Up,0.33,22.13,0,"Bitcoin Up or Down - March 19, 6:00PM-6:05PM ET"
2026-03-19 22:03:15.000,BUY,Down,0.5,70.69782,0,"Bitcoin Up or Down - March 19, 6:00PM-6:05PM ET"
2026-03-19 22:03:05.000,SELL,Down,0.36,5,0,"Bitcoin Up or Down - March 19, 6:00PM-6:05PM ET"
2026-03-19 22:02:57.000,BUY,Down,0.4029157450706095,26.710297999999998,0,"Bitcoin Up or Down - March 19, 6:00PM-6:05PM ET"
2026-03-19 22:02:53.000,SELL,Down,0.3875669383003492,34.36,0,"Bitcoin Up or Down - March 19, 6:00PM-6:05PM ET"
2026-03-19 22:02:49.000,BUY,Down,0.48358052841968624,63.8385,0,"Bitcoin Up or Down - March 19, 6:00PM-6:05PM ET"
2026-03-19 22:02:47.000,BUY,Down,0.32999997058139224,15.445272,0,"Bitcoin Up or Down - March 19, 6:00PM-6:05PM ET"
2026-03-19 22:02:47.000,BUY,Down,0.4,13.13312,0,"Bitcoin Up or Down - March 19, 6:00PM-6:05PM ET"
2026-03-19 22:02:39.000,SELL,Down,0.3172238140719516,31.41,0,"Bitcoin Up or Down - March 19, 6:00PM-6:05PM ET"
2026-03-19 22:02:11.000,SELL,Down,0.40738833115088025,68.73,0,"Bitcoin Up or Down - March 19, 6:00PM-6:05PM ET"
2026-03-19 22:02:03.000,BUY,Up,0.47415205694248347,30.624692,0,"Bitcoin Up or Down - March 19, 6:00PM-6:05PM ET"
2026-03-19 22:01:57.000,SELL,Up,0.45,10.73,0,"Bitcoin Up or Down - March 19, 6:00PM-6:05PM ET"
2026-03-19 22:01:53.000,BUY,Down,0.5,25.21969,0,"Bitcoin Up or Down - March 19, 6:00PM-6:05PM ET"
2026-03-19 22:01:49.000,BUY,Down,0.4199678494235178,36.782329,0,"Bitcoin Up or Down - March 19, 6:00PM-6:05PM ET"
2026-03-19 22:01:41.000,SELL,Down,0.41,5,0,"Bitcoin Up or Down - March 19, 6:00PM-6:05PM ET"
2026-03-19 22:01:37.000,SELL,Down,0.53,5,0,"Bitcoin Up or Down - March 19, 6:00PM-6:05PM ET"
2026-03-19 22:01:31.000,BUY,Down,0.33999998335373194,23.72691,0,"Bitcoin Up or Down - March 19, 6:00PM-6:05PM ET"
2026-03-19 22:01:19.000,BUY,Down,0.2893111224998691,14.363809999999999,0,"Bitcoin Up or Down - March 19, 6:00PM-6:05PM ET"
2026-03-19 22:01:03.000,BUY,Down,0.21999996811593894,18.679650000000002,0,"Bitcoin Up or Down - March 19, 6:00PM-6:05PM ET"
2026-03-19 22:00:55.000,SELL,Down,0.22,24.82,0,"Bitcoin Up or Down - March 19, 6:00PM-6:05PM ET"
2026-03-19 22:00:41.000,SELL,Down,0.27,16.54,0,"Bitcoin Up or Down - March 19, 6:00PM-6:05PM ET"
2026-03-19 22:00:39.000,SELL,Down,0.34,16.13,0,"Bitcoin Up or Down - March 19, 6:00PM-6:05PM ET"
2026-03-19 22:00:35.000,BUY,Down,0.3799998882352722,5.2939300000000005,0,"Bitcoin Up or Down - March 19, 6:00PM-6:05PM ET"
2026-03-19 22:00:31.000,BUY,Down,0.32,11.54915,0,"Bitcoin Up or Down - March 19, 6:00PM-6:05PM ET"
2026-03-19 22:00:25.000,BUY,Down,0.32,16.11941,0,"Bitcoin Up or Down - March 19, 6:00PM-6:05PM ET"
2026-03-19 22:00:21.000,SELL,Down,0.33,17.47,0,"Bitcoin Up or Down - March 19, 6:00PM-6:05PM ET"
2026-03-19 22:00:03.000,,,0,959.496843,0,"Bitcoin Up or Down - March 19, 5:50PM-5:55PM ET"
2026-03-19 21:59:51.000,BUY,Down,0.35,21.91276,0,"Bitcoin Up or Down - March 19, 5:55PM-6:00PM ET"
2026-03-19 21:59:41.000,SELL,Up,0.9046468401486989,10.76,0,"Bitcoin Up or Down - March 19, 5:55PM-6:00PM ET"
2026-03-19 21:58:35.000,,,0.5,1000,0,"Bitcoin Up or Down - March 19, 6:00PM-6:05PM ET"
2026-03-19 21:57:33.000,SELL,Down,0.22,21.51,0,"Bitcoin Up or Down - March 19, 5:55PM-6:00PM ET"
2026-03-19 21:57:11.000,BUY,Down,0.19909173478655767,54.70008,0,"Bitcoin Up or Down - March 19, 5:55PM-6:00PM ET"
2026-03-19 21:56:17.000,BUY,Down,0.1399999702917756,26.83098,0,"Bitcoin Up or Down - March 19, 5:55PM-6:00PM ET"
2026-03-19 21:55:37.000,SELL,Down,0.24,5,0,"Bitcoin Up or Down - March 19, 5:55PM-6:00PM ET"
2026-03-19 21:55:31.000,SELL,Down,0.3044510562332639,67.22,0,"Bitcoin Up or Down - March 19, 5:55PM-6:00PM ET"
2026-03-19 21:55:03.000,,,0,1000,0,"Bitcoin Up or Down - March 19, 5:45PM-5:50PM ET"
2026-03-19 21:53:35.000,,,0.5,1000,0,"Bitcoin Up or Down - March 19, 5:55PM-6:00PM ET"
2026-03-19 21:53:11.000,SELL,Up,0.42,12.89,0,"Bitcoin Up or Down - March 19, 5:50PM-5:55PM ET"
2026-03-19 21:53:03.000,BUY,Up,0.4399999422950659,5.461283,0,"Bitcoin Up or Down - March 19, 5:50PM-5:55PM ET"
2026-03-19 21:52:55.000,SELL,Up,0.4,17.02,0,"Bitcoin Up or Down - March 19, 5:50PM-5:55PM ET"
2026-03-19 21:52:49.000,SELL,Up,0.46,30.27,0,"Bitcoin Up or Down - March 19, 5:50PM-5:55PM ET"
2026-03-19 21:52:41.000,BUY,Up,0.5,9.135,0,"Bitcoin Up or Down - March 19, 5:50PM-5:55PM ET"
2026-03-19 21:52:35.000,SELL,Down,0.31,13.44,0,"Bitcoin Up or Down - March 19, 5:50PM-5:55PM ET"
2026-03-19 21:52:05.000,BUY,Down,0.3799999628735562,9.030813,0,"Bitcoin Up or Down - March 19, 5:50PM-5:55PM ET"
2026-03-19 21:51:51.000,SELL,Down,0.35,35,0,"Bitcoin Up or Down - March 19, 5:50PM-5:55PM ET"
2026-03-19 21:51:49.000,SELL,Down,0.35,52.43,0,"Bitcoin Up or Down - March 19, 5:50PM-5:55PM ET"
2026-03-19 21:51:11.000,SELL,Down,0.4754730258014073,12.79,0,"Bitcoin Up or Down - March 19, 5:50PM-5:55PM ET"
2026-03-19 21:51:09.000,BUY,Up,0.4799999914362171,22.990425,0,"Bitcoin Up or Down - March 19, 5:50PM-5:55PM ET"
2026-03-19 21:51:01.000,BUY,Up,0.47999998808932887,16.530134999999998,0,"Bitcoin Up or Down - March 19, 5:50PM-5:55PM ET"
2026-03-19 21:50:43.000,BUY,Down,0.3699999866993454,24.473789,0,"Bitcoin Up or Down - March 19, 5:50PM-5:55PM ET"
2026-03-19 21:50:31.000,SELL,Up,0.41,34.44,0,"Bitcoin Up or Down - March 19, 5:50PM-5:55PM ET"
2026-03-19 21:50:03.000,,,0,1063.953632,0,"Bitcoin Up or Down - March 19, 5:40PM-5:45PM ET"
2026-03-19 21:48:59.000,SELL,Up,0.15,47.69,0,"Bitcoin Up or Down - March 19, 5:45PM-5:50PM ET"
2026-03-19 21:48:53.000,BUY,Up,0.1099999795291472,40.448303,0,"Bitcoin Up or Down - March 19, 5:45PM-5:50PM ET"
2026-03-19 21:48:37.000,SELL,Up,0.18,27.45,0,"Bitcoin Up or Down - March 19, 5:45PM-5:50PM ET"
2026-03-19 21:48:35.000,,,0.5,1000,0,"Bitcoin Up or Down - March 19, 5:50PM-5:55PM ET"
2026-03-19 21:48:07.000,SELL,Up,0.31,6.62,0,"Bitcoin Up or Down - March 19, 5:45PM-5:50PM ET"
2026-03-19 21:48:05.000,SELL,Up,0.36,13.77,0,"Bitcoin Up or Down - March 19, 5:45PM-5:50PM ET"
2026-03-19 21:47:37.000,BUY,Up,0.41999998911111036,25.332814,0,"Bitcoin Up or Down - March 19, 5:45PM-5:50PM ET"
2026-03-19 21:47:25.000,BUY,Up,0.36,25.65496,0,"Bitcoin Up or Down - March 19, 5:45PM-5:50PM ET"
2026-03-19 21:47:13.000,SELL,Up,0.25,8.66,0,"Bitcoin Up or Down - March 19, 5:45PM-5:50PM ET"
2026-03-19 21:47:11.000,SELL,Up,0.27,16.89,0,"Bitcoin Up or Down - March 19, 5:45PM-5:50PM ET"
2026-03-19 21:46:01.000,BUY,Up,0.3399999315277678,8.363957,0,"Bitcoin Up or Down - March 19, 5:45PM-5:50PM ET"
2026-03-19 21:45:53.000,SELL,Up,0.35,29.81,0,"Bitcoin Up or Down - March 19, 5:45PM-5:50PM ET"
2026-03-19 21:45:33.000,SELL,Up,0.38,31.79,0,"Bitcoin Up or Down - March 19, 5:45PM-5:50PM ET"
2026-03-19 21:45:17.000,SELL,Up,0.42,27.32,0,"Bitcoin Up or Down - March 19, 5:45PM-5:50PM ET"
2026-03-19 21:45:03.000,,,0,1030.922172,0,"Bitcoin Up or Down - March 19, 5:35PM-5:40PM ET"
2026-03-19 21:44:45.000,SELL,Up,0.11832379394930499,36.69,0,"Bitcoin Up or Down - March 19, 5:40PM-5:45PM ET"
2026-03-19 21:44:35.000,SELL,Up,0.34,15.13,0,"Bitcoin Up or Down - March 19, 5:40PM-5:45PM ET"
2026-03-19 21:44:17.000,BUY,Up,0.36999998316402016,25.193599,0,"Bitcoin Up or Down - March 19, 5:40PM-5:45PM ET"
2026-03-19 21:44:11.000,SELL,Up,0.28,5.58,0,"Bitcoin Up or Down - March 19, 5:40PM-5:45PM ET"
2026-03-19 21:44:05.000,BUY,Up,0.3074335252636346,19.10228,0,"Bitcoin Up or Down - March 19, 5:40PM-5:45PM ET"
2026-03-19 21:44:01.000,SELL,Down,0.81,5,0,"Bitcoin Up or Down - March 19, 5:40PM-5:45PM ET"
2026-03-19 21:43:53.000,SELL,Up,0.18,44.27,0,"Bitcoin Up or Down - March 19, 5:40PM-5:45PM ET"
2026-03-19 21:43:51.000,SELL,Up,0.22592168674698795,33.2,0,"Bitcoin Up or Down - March 19, 5:40PM-5:45PM ET"
2026-03-19 21:43:47.000,BUY,Down,0.5199999881818151,6.663799,0,"Bitcoin Up or Down - March 19, 5:40PM-5:45PM ET"
2026-03-19 21:43:45.000,BUY,Up,0.43999996486388027,12.332656,0,"Bitcoin Up or Down - March 19, 5:40PM-5:45PM ET"
2026-03-19 21:43:37.000,BUY,Up,0.2899999229279137,7.574041,0,"Bitcoin Up or Down - March 19, 5:40PM-5:45PM ET"
2026-03-19 21:43:35.000,,,0.5,1000,0,"Bitcoin Up or Down - March 19, 5:45PM-5:50PM ET"
2026-03-19 21:43:33.000,SELL,Up,0.28,5,0,"Bitcoin Up or Down - March 19, 5:40PM-5:45PM ET"
2026-03-19 21:43:31.000,SELL,Up,0.34,18.19,0,"Bitcoin Up or Down - March 19, 5:40PM-5:45PM ET"
2026-03-19 21:42:57.000,BUY,Down,0.4966938100777567,12.86226,0,"Bitcoin Up or Down - March 19, 5:40PM-5:45PM ET"
2026-03-19 21:42:45.000,BUY,Up,0.58,7.28683,0,"Bitcoin Up or Down - March 19, 5:40PM-5:45PM ET"
2026-03-19 21:42:39.000,SELL,Up,0.4,16.37,0,"Bitcoin Up or Down - March 19, 5:40PM-5:45PM ET"
2026-03-19 21:42:37.000,SELL,Up,0.44,24.51,0,"Bitcoin Up or Down - March 19, 5:40PM-5:45PM ET"
2026-03-19 21:42:19.000,BUY,Down,0.4699999893785298,14.830148000000001,0,"Bitcoin Up or Down - March 19, 5:40PM-5:45PM ET"
2026-03-19 21:41:59.000,BUY,Down,0.3399999883161509,50.706469999999996,0,"Bitcoin Up or Down - March 19, 5:40PM-5:45PM ET"
2026-03-19 21:41:49.000,SELL,Down,0.4529064587973274,8.98,0,"Bitcoin Up or Down - March 19, 5:40PM-5:45PM ET"
2026-03-19 21:41:41.000,SELL,Down,0.51,12.79,0,"Bitcoin Up or Down - March 19, 5:40PM-5:45PM ET"
2026-03-19 21:41:37.000,BUY,Up,0.38999991775506343,3.7158990000000003,0,"Bitcoin Up or Down - March 19, 5:40PM-5:45PM ET"
2026-03-19 21:41:19.000,SELL,Up,0.24,5,0,"Bitcoin Up or Down - March 19, 5:40PM-5:45PM ET"
2026-03-19 21:41:15.000,SELL,Up,0.32,13.99,0,"Bitcoin Up or Down - March 19, 5:40PM-5:45PM ET"
2026-03-19 21:40:53.000,SELL,Up,0.41,12.91,0,"Bitcoin Up or Down - March 19, 5:40PM-5:45PM ET"
2026-03-19 21:40:47.000,BUY,Down,0.5150943250599259,30.100032,0,"Bitcoin Up or Down - March 19, 5:40PM-5:45PM ET"
2026-03-19 21:40:43.000,BUY,Down,0.4699999419612522,8.650923,0,"Bitcoin Up or Down - March 19, 5:40PM-5:45PM ET"
2026-03-19 21:40:35.000,SELL,Down,0.42,33.09,0,"Bitcoin Up or Down - March 19, 5:40PM-5:45PM ET"
2026-03-19 21:40:31.000,BUY,Up,0.4799999878821874,29.245631999999997,0,"Bitcoin Up or Down - March 19, 5:40PM-5:45PM ET"
2026-03-19 21:40:27.000,BUY,Up,0.4499999720930207,14.113832,0,"Bitcoin Up or Down - March 19, 5:40PM-5:45PM ET"
2026-03-19 21:40:27.000,BUY,Up,0.43999999161904735,42.302574,0,"Bitcoin Up or Down - March 19, 5:40PM-5:45PM ET"
2026-03-19 21:40:25.000,BUY,Up,0.4,38.41376,0,"Bitcoin Up or Down - March 19, 5:40PM-5:45PM ET"
2026-03-19 21:40:23.000,,,0,1111.447181,0,"Bitcoin Up or Down - March 19, 5:30PM-5:35PM ET"
2026-03-19 21:40:13.000,SELL,Up,0.34,5,0,"Bitcoin Up or Down - March 19, 5:40PM-5:45PM ET"
2026-03-19 21:39:35.000,BUY,Down,0.40999998542222166,32.445148,0,"Bitcoin Up or Down - March 19, 5:35PM-5:40PM ET"
2026-03-19 21:39:29.000,BUY,Down,0.36999998576922927,18.715251000000002,0,"Bitcoin Up or Down - March 19, 5:35PM-5:40PM ET"
2026-03-19 21:39:21.000,BUY,Down,0.25,10.82403,0,"Bitcoin Up or Down - March 19, 5:35PM-5:40PM ET"
2026-03-19 21:39:19.000,SELL,Up,0.81,5,0,"Bitcoin Up or Down - March 19, 5:35PM-5:40PM ET"
2026-03-19 21:39:05.000,SELL,Down,0.17816340542396156,29.13,0,"Bitcoin Up or Down - March 19, 5:35PM-5:40PM ET"
2026-03-19 21:38:49.000,SELL,Down,0.32253811825957607,53.78,0,"Bitcoin Up or Down - March 19, 5:35PM-5:40PM ET"
2026-03-19 21:38:41.000,SELL,Down,0.42,31.37,0,"Bitcoin Up or Down - March 19, 5:35PM-5:40PM ET"
2026-03-19 21:38:35.000,,,0.5,1000,0,"Bitcoin Up or Down - March 19, 5:40PM-5:45PM ET"
2026-03-19 21:38:09.000,SELL,Down,0.35,11.93,0,"Bitcoin Up or Down - March 19, 5:35PM-5:40PM ET"
2026-03-19 21:38:03.000,BUY,Up,0.5499999978557504,45.922171999999996,0,"Bitcoin Up or Down - March 19, 5:35PM-5:40PM ET"
2026-03-19 21:37:53.000,BUY,Down,0.4699999947486031,33.744874,0,"Bitcoin Up or Down - March 19, 5:35PM-5:40PM ET"
2026-03-19 21:37:13.000,BUY,Down,0.45,22.84472,0,"Bitcoin Up or Down - March 19, 5:35PM-5:40PM ET"
2026-03-19 21:37:09.000,BUY,Down,0.3548702732900694,44.968894,0,"Bitcoin Up or Down - March 19, 5:35PM-5:40PM ET"
2026-03-19 21:37:05.000,SELL,Up,0.71,5,0,"Bitcoin Up or Down - March 19, 5:35PM-5:40PM ET"
2026-03-19 21:37:03.000,SELL,Up,0.75,5,0,"Bitcoin Up or Down - March 19, 5:35PM-5:40PM ET"
2026-03-19 21:36:21.000,SELL,Down,0.25,27.58,0,"Bitcoin Up or Down - March 19, 5:35PM-5:40PM ET"
2026-03-19 21:36:11.000,SELL,Down,0.28,20.68,0,"Bitcoin Up or Down - March 19, 5:35PM-5:40PM ET"
2026-03-19 21:36:05.000,BUY,Down,0.3399999856902351,34.501315,0,"Bitcoin Up or Down - March 19, 5:35PM-5:40PM ET"
2026-03-19 21:35:35.000,SELL,Down,0.37,14.17,0,"Bitcoin Up or Down - March 19, 5:35PM-5:40PM ET"
2026-03-19 21:35:29.000,SELL,Down,0.36,11.81,0,"Bitcoin Up or Down - March 19, 5:35PM-5:40PM ET"
2026-03-19 21:35:23.000,SELL,Down,0.45,6.15,0,"Bitcoin Up or Down - March 19, 5:35PM-5:40PM ET"
2026-03-19 21:35:15.000,SELL,Down,0.46,19.96,0,"Bitcoin Up or Down - March 19, 5:35PM-5:40PM ET"
2026-03-19 21:35:07.000,,,0,940.83438,0,"Bitcoin Up or Down - March 19, 5:20PM-5:25PM ET"
2026-03-19 21:35:03.000,,,0,1011.630734,0,"Bitcoin Up or Down - March 19, 5:25PM-5:30PM ET"
2026-03-19 21:33:59.000,SELL,Up,0.02,5,0,"Bitcoin Up or Down - March 19, 5:30PM-5:35PM ET"
2026-03-19 21:33:39.000,SELL,Up,0.2,31.57,0,"Bitcoin Up or Down - March 19, 5:30PM-5:35PM ET"
2026-03-19 21:33:35.000,,,0.5,1000,0,"Bitcoin Up or Down - March 19, 5:35PM-5:40PM ET"
2026-03-19 21:33:23.000,SELL,Up,0.3018764845605701,21.05,0,"Bitcoin Up or Down - March 19, 5:30PM-5:35PM ET"
2026-03-19 21:33:09.000,SELL,Up,0.42,35.08,0,"Bitcoin Up or Down - March 19, 5:30PM-5:35PM ET"
2026-03-19 21:33:03.000,BUY,Down,0.52,16.167285,0,"Bitcoin Up or Down - March 19, 5:30PM-5:35PM ET"
2026-03-19 21:32:59.000,BUY,Up,0.6,52.778879999999994,0,"Bitcoin Up or Down - March 19, 5:30PM-5:35PM ET"
2026-03-19 21:32:03.000,BUY,Up,0.47496182728861935,42.987795,0,"Bitcoin Up or Down - March 19, 5:30PM-5:35PM ET"
2026-03-19 21:31:53.000,BUY,Up,0.4399999786367871,23.971458,0,"Bitcoin Up or Down - March 19, 5:30PM-5:35PM ET"
2026-03-19 21:31:25.000,SELL,Up,0.34,12.99,0,"Bitcoin Up or Down - March 19, 5:30PM-5:35PM ET"
2026-03-19 21:31:21.000,SELL,Up,0.36154358443096046,67.57,0,"Bitcoin Up or Down - March 19, 5:30PM-5:35PM ET"
2026-03-19 21:31:15.000,BUY,Down,0.5099999930769226,21.328394999999997,0,"Bitcoin Up or Down - March 19, 5:30PM-5:35PM ET"
2026-03-19 21:31:05.000,BUY,Down,0.4564625682852161,30.673207,0,"Bitcoin Up or Down - March 19, 5:30PM-5:35PM ET"
2026-03-19 21:31:03.000,BUY,Down,0.412206005327758,50.03038,0,"Bitcoin Up or Down - March 19, 5:30PM-5:35PM ET"
2026-03-19 21:31:01.000,SELL,Down,0.37,55.38,0,"Bitcoin Up or Down - March 19, 5:30PM-5:35PM ET"
2026-03-19 21:30:49.000,BUY,Down,0.41999997980768844,9.75783,0,"Bitcoin Up or Down - March 19, 5:30PM-5:35PM ET"
2026-03-19 21:30:45.000,BUY,Down,0.37999998944444363,24.289777,0,"Bitcoin Up or Down - March 19, 5:30PM-5:35PM ET"
2026-03-19 21:30:31.000,BUY,Down,0.3499999695357801,14.580307,0,"Bitcoin Up or Down - March 19, 5:30PM-5:35PM ET"
2026-03-19 21:28:35.000,SELL,Down,0.88,5,0,"Bitcoin Up or Down - March 19, 5:25PM-5:30PM ET"
2026-03-19 21:28:35.000,,,0.5,1000,0,"Bitcoin Up or Down - March 19, 5:30PM-5:35PM ET"
2026-03-19 21:28:15.000,SELL,Up,0.11,5.29,0,"Bitcoin Up or Down - March 19, 5:25PM-5:30PM ET"
2026-03-19 21:28:09.000,SELL,Up,0.14,14.9,0,"Bitcoin Up or Down - March 19, 5:25PM-5:30PM ET"
2026-03-19 21:28:07.000,SELL,Up,0.25,41.58,0,"Bitcoin Up or Down - March 19, 5:25PM-5:30PM ET"
2026-03-19 21:28:03.000,SELL,Up,0.3,90.09,0,"Bitcoin Up or Down - March 19, 5:25PM-5:30PM ET"
2026-03-19 21:27:35.000,BUY,Up,0.48,4.30686,0,"Bitcoin Up or Down - March 19, 5:25PM-5:30PM ET"
2026-03-19 21:27:19.000,SELL,Up,0.37261286108288577,68.89,0,"Bitcoin Up or Down - March 19, 5:25PM-5:30PM ET"
2026-03-19 21:27:11.000,BUY,Up,0.48,15.01249,0,"Bitcoin Up or Down - March 19, 5:25PM-5:30PM ET"
2026-03-19 21:27:07.000,BUY,Up,0.4199999465094282,9.945476999999999,0,"Bitcoin Up or Down - March 19, 5:25PM-5:30PM ET"
2026-03-19 21:26:47.000,SELL,Up,0.34,9.93,0,"Bitcoin Up or Down - March 19, 5:25PM-5:30PM ET"
2026-03-19 21:26:43.000,SELL,Up,0.37,26.91,0,"Bitcoin Up or Down - March 19, 5:25PM-5:30PM ET"
2026-03-19 21:26:19.000,BUY,Down,0.3899999918005388,46.891121,0,"Bitcoin Up or Down - March 19, 5:25PM-5:30PM ET"
2026-03-19 21:26:19.000,BUY,Down,0.41999997614814655,18.999613,0,"Bitcoin Up or Down - March 19, 5:25PM-5:30PM ET"
2026-03-19 21:26:17.000,SELL,Down,0.37,17.47,0,"Bitcoin Up or Down - March 19, 5:25PM-5:30PM ET"
2026-03-19 21:25:31.000,SELL,Down,0.43,17.23,0,"Bitcoin Up or Down - March 19, 5:25PM-5:30PM ET"
2026-03-19 21:25:31.000,SELL,Down,0.43,14.56,0,"Bitcoin Up or Down - March 19, 5:25PM-5:30PM ET"
2026-03-19 21:25:03.000,,,0,1000,0,"Bitcoin Up or Down - March 19, 5:15PM-5:20PM ET"
2026-03-19 21:24:37.000,SELL,Up,0.18,7.66,0,"Bitcoin Up or Down - March 19, 5:20PM-5:25PM ET"
2026-03-19 21:24:35.000,BUY,Up,0.1,41.21637,0,"Bitcoin Up or Down - March 19, 5:20PM-5:25PM ET"
2026-03-19 21:24:23.000,SELL,Down,0.94,8.61,0,"Bitcoin Up or Down - March 19, 5:20PM-5:25PM ET"
2026-03-19 21:24:19.000,SELL,Up,0.04,42.39,0,"Bitcoin Up or Down - March 19, 5:20PM-5:25PM ET"
2026-03-19 21:24:09.000,SELL,Down,0.95,36.3,0,"Bitcoin Up or Down - March 19, 5:20PM-5:25PM ET"
2026-03-19 21:23:35.000,,,0.5,1000,0,"Bitcoin Up or Down - March 19, 5:25PM-5:30PM ET"
2026-03-19 21:23:21.000,SELL,Up,0.07,9.93,0,"Bitcoin Up or Down - March 19, 5:20PM-5:25PM ET"
2026-03-19 21:23:19.000,SELL,Up,0.08,44.71,0,"Bitcoin Up or Down - March 19, 5:20PM-5:25PM ET"
2026-03-19 21:23:09.000,SELL,Up,0.15508387606078547,50.67,0,"Bitcoin Up or Down - March 19, 5:20PM-5:25PM ET"
2026-03-19 21:23:05.000,SELL,Up,0.21,19.49,0,"Bitcoin Up or Down - March 19, 5:20PM-5:25PM ET"
2026-03-19 21:22:57.000,SELL,Up,0.32,28.78,0,"Bitcoin Up or Down - March 19, 5:20PM-5:25PM ET"
2026-03-19 21:22:55.000,SELL,Up,0.33278324070115434,23.39,0,"Bitcoin Up or Down - March 19, 5:20PM-5:25PM ET"
2026-03-19 21:22:45.000,BUY,Down,0.5,6.02438,0,"Bitcoin Up or Down - March 19, 5:20PM-5:25PM ET"
2026-03-19 21:22:41.000,SELL,Down,0.34324950690335304,20.28,0,"Bitcoin Up or Down - March 19, 5:20PM-5:25PM ET"
2026-03-19 21:22:31.000,BUY,Up,0.5,51.66,0,"Bitcoin Up or Down - March 19, 5:20PM-5:25PM ET"
2026-03-19 21:22:17.000,BUY,Up,0.4595490425575657,24.017307000000002,0,"Bitcoin Up or Down - March 19, 5:20PM-5:25PM ET"
2026-03-19 21:22:15.000,BUY,Up,0.42938039161356156,15.897323,0,"Bitcoin Up or Down - March 19, 5:20PM-5:25PM ET"
2026-03-19 21:22:03.000,BUY,Up,0.3699999769973529,20.154881,0,"Bitcoin Up or Down - March 19, 5:20PM-5:25PM ET"
2026-03-19 21:21:05.000,BUY,Up,0.2851504760655901,20.406488,0,"Bitcoin Up or Down - March 19, 5:20PM-5:25PM ET"
2026-03-19 21:20:45.000,BUY,Up,0.24,17.85029,0,"Bitcoin Up or Down - March 19, 5:20PM-5:25PM ET"
2026-03-19 21:20:37.000,SELL,Up,0.23,10.39,0,"Bitcoin Up or Down - March 19, 5:20PM-5:25PM ET"
2026-03-19 21:20:33.000,BUY,Up,0.26999998463414543,31.579187,0,"Bitcoin Up or Down - March 19, 5:20PM-5:25PM ET"
2026-03-19 21:20:29.000,SELL,Up,0.25,41.58,0,"Bitcoin Up or Down - March 19, 5:20PM-5:25PM ET"
2026-03-19 21:20:25.000,BUY,Up,0.28999997777003395,29.374984,0,"Bitcoin Up or Down - March 19, 5:20PM-5:25PM ET"
2026-03-19 21:20:19.000,SELL,Up,0.33,22.49,0,"Bitcoin Up or Down - March 19, 5:20PM-5:25PM ET"
2026-03-19 21:20:17.000,SELL,Up,0.40762631578947367,38,0,"Bitcoin Up or Down - March 19, 5:20PM-5:25PM ET"
2026-03-19 21:20:03.000,,,0,1048.03771,0,"Bitcoin Up or Down - March 19, 5:10PM-5:15PM ET"
2026-03-19 21:18:35.000,,,0.5,1000,0,"Bitcoin Up or Down - March 19, 5:20PM-5:25PM ET"
2026-03-19 21:17:25.000,BUY,Up,0.16,59.85349,0,"Bitcoin Up or Down - March 19, 5:15PM-5:20PM ET"
2026-03-19 21:16:59.000,BUY,Up,0.16,25.1982,0,"Bitcoin Up or Down - March 19, 5:15PM-5:20PM ET"
2026-03-19 21:16:53.000,SELL,Up,0.12,69.3,0,"Bitcoin Up or Down - March 19, 5:15PM-5:20PM ET"
2026-03-19 21:16:37.000,SELL,Up,0.18,32.94,0,"Bitcoin Up or Down - March 19, 5:15PM-5:20PM ET"
2026-03-19 21:16:09.000,SELL,Up,0.28,29.23,0,"Bitcoin Up or Down - March 19, 5:15PM-5:20PM ET"
2026-03-19 21:15:59.000,BUY,Up,0.34644896508217154,30.802374,0,"Bitcoin Up or Down - March 19, 5:15PM-5:20PM ET"
2026-03-19 21:15:55.000,SELL,Up,0.31,16.21,0,"Bitcoin Up or Down - March 19, 5:15PM-5:20PM ET"
2026-03-19 21:15:23.000,BUY,Up,0.38999996225806177,14.888883,0,"Bitcoin Up or Down - March 19, 5:15PM-5:20PM ET"
2026-03-19 21:15:15.000,SELL,Up,0.34498168498168497,90.09,0,"Bitcoin Up or Down - March 19, 5:15PM-5:20PM ET"
2026-03-19 21:15:03.000,,,0,1005.655033,0,"Bitcoin Up or Down - March 19, 5:05PM-5:10PM ET"
2026-03-19 21:14:49.000,SELL,Down,0.1,5,0,"Bitcoin Up or Down - March 19, 5:10PM-5:15PM ET"
2026-03-19 21:14:45.000,SELL,Down,0.32,5,0,"Bitcoin Up or Down - March 19, 5:10PM-5:15PM ET"
2026-03-19 21:14:41.000,BUY,Down,0.3599999880111001,29.629286,0,"Bitcoin Up or Down - March 19, 5:10PM-5:15PM ET"
2026-03-19 21:14:37.000,BUY,Down,0.3,7.51621,0,"Bitcoin Up or Down - March 19, 5:10PM-5:15PM ET"
2026-03-19 21:14:35.000,BUY,Down,0.20999997157575567,23.409247,0,"Bitcoin Up or Down - March 19, 5:10PM-5:15PM ET"
2026-03-19 21:13:55.000,SELL,Down,0.227358430201557,93.77,0,"Bitcoin Up or Down - March 19, 5:10PM-5:15PM ET"
2026-03-19 21:13:37.000,BUY,Up,0.40999992430766746,4.686526000000001,0,"Bitcoin Up or Down - March 19, 5:10PM-5:15PM ET"
2026-03-19 21:13:35.000,,,0.5,1000,0,"Bitcoin Up or Down - March 19, 5:15PM-5:20PM ET"
2026-03-19 21:13:35.000,SELL,Up,0.36,25.33,0,"Bitcoin Up or Down - March 19, 5:10PM-5:15PM ET"
2026-03-19 21:13:31.000,BUY,Down,0.5399999958461523,4.740543,0,"Bitcoin Up or Down - March 19, 5:10PM-5:15PM ET"
2026-03-19 21:13:27.000,BUY,Down,0.36999997680757823,18.288688999999998,0,"Bitcoin Up or Down - March 19, 5:10PM-5:15PM ET"
2026-03-19 21:13:25.000,BUY,Down,0.30999997596899037,20.56846,0,"Bitcoin Up or Down - March 19, 5:10PM-5:15PM ET"
2026-03-19 21:13:01.000,SELL,Down,0.2645033833709263,128.57,0,"Bitcoin Up or Down - March 19, 5:10PM-5:15PM ET"
2026-03-19 21:12:31.000,BUY,Down,0.35,4.540489999999999,0,"Bitcoin Up or Down - March 19, 5:10PM-5:15PM ET"
2026-03-19 21:12:29.000,SELL,Down,0.29812130177514795,20.28,0,"Bitcoin Up or Down - March 19, 5:10PM-5:15PM ET"
2026-03-19 21:12:27.000,SELL,Down,0.35577634011090575,43.28,0,"Bitcoin Up or Down - March 19, 5:10PM-5:15PM ET"
2026-03-19 21:12:23.000,BUY,Down,0.42,66.99121,0,"Bitcoin Up or Down - March 19, 5:10PM-5:15PM ET"
2026-03-19 21:12:21.000,BUY,Down,0.38527843911607584,41.764973,0,"Bitcoin Up or Down - March 19, 5:10PM-5:15PM ET"
2026-03-19 21:11:51.000,SELL,Down,0.35,40.57,0,"Bitcoin Up or Down - March 19, 5:10PM-5:15PM ET"
2026-03-19 21:11:35.000,BUY,Up,0.5799999896807945,32.459483,0,"Bitcoin Up or Down - March 19, 5:10PM-5:15PM ET"
2026-03-19 21:11:29.000,BUY,Down,0.45770152796619257,64.255718,0,"Bitcoin Up or Down - March 19, 5:10PM-5:15PM ET"
2026-03-19 21:11:23.000,BUY,Down,0.38999997743396075,20.096194,0,"Bitcoin Up or Down - March 19, 5:10PM-5:15PM ET"
2026-03-19 21:11:21.000,SELL,Down,0.4456999391357273,32.86,0,"Bitcoin Up or Down - March 19, 5:10PM-5:15PM ET"
2026-03-19 21:11:19.000,BUY,Up,0.5299999991846154,36.221701,0,"Bitcoin Up or Down - March 19, 5:10PM-5:15PM ET"
2026-03-19 21:10:15.000,BUY,Down,0.5499999796296282,16.918696999999998,0,"Bitcoin Up or Down - March 19, 5:10PM-5:15PM ET"
2026-03-19 21:10:01.000,,,0,1045.356995,0,"Bitcoin Up or Down - March 19, 5:00PM-5:05PM ET"
2026-03-19 21:08:35.000,,,0.5,1000,0,"Bitcoin Up or Down - March 19, 5:10PM-5:15PM ET"
2026-03-19 21:08:21.000,SELL,Down,0.06,12.41,0,"Bitcoin Up or Down - March 19, 5:05PM-5:10PM ET"
2026-03-19 21:08:13.000,SELL,Down,0.16,30.25,0,"Bitcoin Up or Down - March 19, 5:05PM-5:10PM ET"
2026-03-19 21:08:05.000,SELL,Down,0.17,18.61,0,"Bitcoin Up or Down - March 19, 5:05PM-5:10PM ET"
2026-03-19 21:08:01.000,SELL,Down,0.23,5.17,0,"Bitcoin Up or Down - March 19, 5:05PM-5:10PM ET"
2026-03-19 21:07:53.000,BUY,Down,0.23999997905006332,32.188362,0,"Bitcoin Up or Down - March 19, 5:05PM-5:10PM ET"
2026-03-19 21:07:45.000,SELL,Down,0.26,36.06,0,"Bitcoin Up or Down - March 19, 5:05PM-5:10PM ET"
2026-03-19 21:07:27.000,BUY,Down,0.3599999024999756,5.262562000000001,0,"Bitcoin Up or Down - March 19, 5:05PM-5:10PM ET"
2026-03-19 21:07:17.000,BUY,Down,0.29999996828752307,15.592845,0,"Bitcoin Up or Down - March 19, 5:05PM-5:10PM ET"
2026-03-19 21:07:09.000,SELL,Down,0.2,18.61,0,"Bitcoin Up or Down - March 19, 5:05PM-5:10PM ET"
2026-03-19 21:07:01.000,SELL,Down,0.35,49.64,0,"Bitcoin Up or Down - March 19, 5:05PM-5:10PM ET"
2026-03-19 21:06:59.000,SELL,Down,0.37,43.02,0,"Bitcoin Up or Down - March 19, 5:05PM-5:10PM ET"
2026-03-19 21:06:37.000,SELL,Down,0.41,27.58,0,"Bitcoin Up or Down - March 19, 5:05PM-5:10PM ET"
2026-03-19 21:06:31.000,BUY,Up,0.5,5.04,0,"Bitcoin Up or Down - March 19, 5:05PM-5:10PM ET"
2026-03-19 21:06:25.000,BUY,Up,0.46999998629166134,5.027171,0,"Bitcoin Up or Down - March 19, 5:05PM-5:10PM ET"
2026-03-19 21:06:13.000,BUY,Up,0.45999998873469183,10.487862,0,"Bitcoin Up or Down - March 19, 5:05PM-5:10PM ET"
2026-03-19 21:05:39.000,SELL,Up,0.4,14.9,0,"Bitcoin Up or Down - March 19, 5:05PM-5:10PM ET"
2026-03-19 21:05:37.000,BUY,Down,0.49711463148777774,52.177721000000005,0,"Bitcoin Up or Down - March 19, 5:05PM-5:10PM ET"
2026-03-19 21:05:31.000,SELL,Down,0.42,25.85,0,"Bitcoin Up or Down - March 19, 5:05PM-5:10PM ET"
2026-03-19 21:05:21.000,SELL,Down,0.48,5,0,"Bitcoin Up or Down - March 19, 5:05PM-5:10PM ET"
2026-03-19 21:05:03.000,,,0,936.569398,0,"Bitcoin Up or Down - March 19, 4:55PM-5:00PM ET"
2026-03-19 21:04:15.000,SELL,Up,0.96,17.22,0,"Bitcoin Up or Down - March 19, 5:00PM-5:05PM ET"
2026-03-19 21:03:35.000,,,0.5,1000,0,"Bitcoin Up or Down - March 19, 5:05PM-5:10PM ET"
2026-03-19 21:02:33.000,SELL,Down,0.1615206611570248,30.25,0,"Bitcoin Up or Down - March 19, 5:00PM-5:05PM ET"
2026-03-19 21:02:33.000,SELL,Down,0.22,22.4,0,"Bitcoin Up or Down - March 19, 5:00PM-5:05PM ET"
2026-03-19 21:02:31.000,SELL,Down,0.25,28.01,0,"Bitcoin Up or Down - March 19, 5:00PM-5:05PM ET"
2026-03-19 21:02:17.000,BUY,Down,0.36999997221343534,13.489914,0,"Bitcoin Up or Down - March 19, 5:00PM-5:05PM ET"
2026-03-19 21:02:05.000,SELL,Down,0.27,23.27,0,"Bitcoin Up or Down - March 19, 5:00PM-5:05PM ET"
2026-03-19 21:01:53.000,SELL,Down,0.31,14.32,0,"Bitcoin Up or Down - March 19, 5:00PM-5:05PM ET"
2026-03-19 21:01:51.000,SELL,Down,0.334492164828787,17.23,0,"Bitcoin Up or Down - March 19, 5:00PM-5:05PM ET"
2026-03-19 21:01:39.000,BUY,Down,0.41758340492424656,20.384525,0,"Bitcoin Up or Down - March 19, 5:00PM-5:05PM ET"
2026-03-19 21:01:37.000,BUY,Down,0.35,18.55675,0,"Bitcoin Up or Down - March 19, 5:00PM-5:05PM ET"
2026-03-19 21:01:23.000,SELL,Down,0.31,10.34,0,"Bitcoin Up or Down - March 19, 5:00PM-5:05PM ET"
2026-03-19 21:01:13.000,BUY,Down,0.41999998800951566,29.578398,0,"Bitcoin Up or Down - March 19, 5:00PM-5:05PM ET"
2026-03-19 21:01:11.000,SELL,Down,0.4,31.37,0,"Bitcoin Up or Down - March 19, 5:00PM-5:05PM ET"
2026-03-19 21:00:25.000,BUY,Up,0.5099999908792842,25.902904,0,"Bitcoin Up or Down - March 19, 5:00PM-5:05PM ET"
2026-03-19 21:00:15.000,BUY,Up,0.4499999904661009,20.656526,0,"Bitcoin Up or Down - March 19, 5:00PM-5:05PM ET"
2026-03-19 21:00:11.000,BUY,Up,0.449999984631146,16.017565,0,"Bitcoin Up or Down - March 19, 5:00PM-5:05PM ET"
2026-03-19 21:00:03.000,,,0,953.56849,0,"Bitcoin Up or Down - March 19, 4:50PM-4:55PM ET"
2026-03-19 20:59:35.000,BUY,Down,0.3799999579807638,10.795456999999999,0,"Bitcoin Up or Down - March 19, 4:55PM-5:00PM ET"
2026-03-19 20:59:21.000,SELL,Up,0.73,5,0,"Bitcoin Up or Down - March 19, 4:55PM-5:00PM ET"
2026-03-19 20:59:09.000,SELL,Up,0.77,5,0,"Bitcoin Up or Down - March 19, 4:55PM-5:00PM ET"
2026-03-19 20:59:09.000,SELL,Down,0.14,15.14,0,"Bitcoin Up or Down - March 19, 4:55PM-5:00PM ET"
2026-03-19 20:59:07.000,SELL,Down,0.2056024340770791,24.65,0,"Bitcoin Up or Down - March 19, 4:55PM-5:00PM ET"
2026-03-19 20:58:41.000,BUY,Up,0.21999998608546978,52.790317,0,"Bitcoin Up or Down - March 19, 4:55PM-5:00PM ET"
2026-03-19 20:58:39.000,SELL,Up,0.23,46.78,0,"Bitcoin Up or Down - March 19, 4:55PM-5:00PM ET"
2026-03-19 20:58:35.000,,,0.5,1000,0,"Bitcoin Up or Down - March 19, 5:00PM-5:05PM ET"
2026-03-19 20:58:21.000,BUY,Up,0.24514134275618374,35.913909999999994,0,"Bitcoin Up or Down - March 19, 4:55PM-5:00PM ET"
2026-03-19 20:58:21.000,BUY,Up,0.3,33.22956,0,"Bitcoin Up or Down - March 19, 4:55PM-5:00PM ET"
2026-03-19 20:57:45.000,SELL,Up,0.2,56.13,0,"Bitcoin Up or Down - March 19, 4:55PM-5:00PM ET"
2026-03-19 20:57:31.000,SELL,Up,0.27,22.8,0,"Bitcoin Up or Down - March 19, 4:55PM-5:00PM ET"
2026-03-19 20:57:09.000,SELL,Up,0.3852025960357832,114.02,0,"Bitcoin Up or Down - March 19, 4:55PM-5:00PM ET"
2026-03-19 20:56:57.000,BUY,Down,0.5041458420966269,57.171079999999996,0,"Bitcoin Up or Down - March 19, 4:55PM-5:00PM ET"
2026-03-19 20:56:37.000,BUY,Down,0.43999998978229193,15.421419,0,"Bitcoin Up or Down - March 19, 4:55PM-5:00PM ET"
2026-03-19 20:56:27.000,BUY,Down,0.3747693596015241,23.211442,0,"Bitcoin Up or Down - March 19, 4:55PM-5:00PM ET"
2026-03-19 20:56:23.000,SELL,Down,0.33,97.38,0,"Bitcoin Up or Down - March 19, 4:55PM-5:00PM ET"
2026-03-19 20:56:17.000,SELL,Down,0.41,32.86,0,"Bitcoin Up or Down - March 19, 4:55PM-5:00PM ET"
2026-03-19 20:56:05.000,BUY,Up,0.49604430379746833,37.327580000000005,0,"Bitcoin Up or Down - March 19, 4:55PM-5:00PM ET"
2026-03-19 20:55:37.000,BUY,Up,0.4599999698360552,5.222526,0,"Bitcoin Up or Down - March 19, 4:55PM-5:00PM ET"
2026-03-19 20:55:35.000,BUY,Up,0.45999999576036854,55.735473999999996,0,"Bitcoin Up or Down - March 19, 4:55PM-5:00PM ET"
2026-03-19 20:55:03.000,,,0,974.9166,0,"Bitcoin Up or Down - March 19, 4:45PM-4:50PM ET"
2026-03-19 20:54:45.000,SELL,Down,0.12,64.92,0,"Bitcoin Up or Down - March 19, 4:50PM-4:55PM ET"
2026-03-19 20:54:17.000,SELL,Up,0.29,34.65,0,"Bitcoin Up or Down - March 19, 4:50PM-4:55PM ET"
2026-03-19 20:54:03.000,BUY,Down,0.42796207746063575,19.333824999999997,0,"Bitcoin Up or Down - March 19, 4:50PM-4:55PM ET"
2026-03-19 20:53:51.000,SELL,Down,0.37689918659107713,40.57,0,"Bitcoin Up or Down - March 19, 4:50PM-4:55PM ET"
2026-03-19 20:53:41.000,BUY,Up,0.44,42.34734,0,"Bitcoin Up or Down - March 19, 4:50PM-4:55PM ET"
2026-03-19 20:53:35.000,,,0.5,1000,0,"Bitcoin Up or Down - March 19, 4:55PM-5:00PM ET"
2026-03-19 20:52:55.000,BUY,Up,0.35999990341460114,4.4951039999999995,0,"Bitcoin Up or Down - March 19, 4:50PM-4:55PM ET"
2026-03-19 20:52:49.000,SELL,Up,0.24,26.31,0,"Bitcoin Up or Down - March 19, 4:50PM-4:55PM ET"
2026-03-19 20:52:39.000,BUY,Up,0.36999998614973206,34.897807,0,"Bitcoin Up or Down - March 19, 4:50PM-4:55PM ET"
2026-03-19 20:52:23.000,BUY,Up,0.3099999872935501,52.903998,0,"Bitcoin Up or Down - March 19, 4:50PM-4:55PM ET"
2026-03-19 20:52:17.000,BUY,Up,0.2699999772631564,24.390428,0,"Bitcoin Up or Down - March 19, 4:50PM-4:55PM ET"
2026-03-19 20:51:41.000,SELL,Up,0.37,58.47,0,"Bitcoin Up or Down - March 19, 4:50PM-4:55PM ET"
2026-03-19 20:51:27.000,SELL,Up,0.4,50.52,0,"Bitcoin Up or Down - March 19, 4:50PM-4:55PM ET"
2026-03-19 20:51:23.000,BUY,Up,0.4467014447651509,25.703813,0,"Bitcoin Up or Down - March 19, 4:50PM-4:55PM ET"
2026-03-19 20:51:19.000,SELL,Up,0.37,34.2,0,"Bitcoin Up or Down - March 19, 4:50PM-4:55PM ET"
2026-03-19 20:50:45.000,SELL,Up,0.42,27.02,0,"Bitcoin Up or Down - March 19, 4:50PM-4:55PM ET"
2026-03-19 20:50:03.000,,,0,901.532577,0,"Bitcoin Up or Down - March 19, 4:40PM-4:45PM ET"
2026-03-19 20:48:35.000,,,0.5,1000,0,"Bitcoin Up or Down - March 19, 4:50PM-4:55PM ET"
2026-03-19 20:48:29.000,SELL,Down,0.91,30.25,0,"Bitcoin Up or Down - March 19, 4:45PM-4:50PM ET"
2026-03-19 20:48:27.000,SELL,Down,0.94,43.09,0,"Bitcoin Up or Down - March 19, 4:45PM-4:50PM ET"
2026-03-19 20:48:23.000,SELL,Up,0.050218900966183574,66.24,0,"Bitcoin Up or Down - March 19, 4:45PM-4:50PM ET"
2026-03-19 20:48:17.000,SELL,Up,0.08,7.94,0,"Bitcoin Up or Down - March 19, 4:45PM-4:50PM ET"
2026-03-19 20:48:15.000,SELL,Up,0.1,9.93,0,"Bitcoin Up or Down - March 19, 4:45PM-4:50PM ET"
2026-03-19 20:48:11.000,SELL,Up,0.1469033232628399,6.62,0,"Bitcoin Up or Down - March 19, 4:45PM-4:50PM ET"
2026-03-19 20:48:05.000,SELL,Up,0.21629128656810317,31.79,0,"Bitcoin Up or Down - March 19, 4:45PM-4:50PM ET"
2026-03-19 20:47:59.000,SELL,Up,0.40387296669248646,12.91,0,"Bitcoin Up or Down - March 19, 4:45PM-4:50PM ET"
2026-03-19 20:47:51.000,BUY,Down,0.49,17.71898,0,"Bitcoin Up or Down - March 19, 4:45PM-4:50PM ET"
2026-03-19 20:47:47.000,BUY,Down,0.48,24.42605,0,"Bitcoin Up or Down - March 19, 4:45PM-4:50PM ET"
2026-03-19 20:47:39.000,SELL,Down,0.4,21.51,0,"Bitcoin Up or Down - March 19, 4:45PM-4:50PM ET"
2026-03-19 20:46:47.000,SELL,Up,0.47,32.29,0,"Bitcoin Up or Down - March 19, 4:45PM-4:50PM ET"
2026-03-19 20:46:19.000,BUY,Up,0.5499999570312366,4.583273999999999,0,"Bitcoin Up or Down - March 19, 4:45PM-4:50PM ET"
2026-03-19 20:46:05.000,BUY,Up,0.48999998605313044,31.761564999999997,0,"Bitcoin Up or Down - March 19, 4:45PM-4:50PM ET"
2026-03-19 20:46:01.000,BUY,Down,0.5,27.62157,0,"Bitcoin Up or Down - March 19, 4:45PM-4:50PM ET"
2026-03-19 20:45:55.000,BUY,Up,0.47849245620565106,32.650355000000005,0,"Bitcoin Up or Down - March 19, 4:45PM-4:50PM ET"
2026-03-19 20:45:47.000,BUY,Up,0.4499999779843433,22.36332,0,"Bitcoin Up or Down - March 19, 4:45PM-4:50PM ET"
2026-03-19 20:45:33.000,SELL,Up,0.38,30.14,0,"Bitcoin Up or Down - March 19, 4:45PM-4:50PM ET"
2026-03-19 20:45:03.000,,,0,1070.18184,0,"Bitcoin Up or Down - March 19, 4:35PM-4:40PM ET"
2026-03-19 20:44:01.000,SELL,Up,0.06390306946688207,30.95,0,"Bitcoin Up or Down - March 19, 4:40PM-4:45PM ET"
2026-03-19 20:43:41.000,SELL,Down,0.8894138335287222,25.59,0,"Bitcoin Up or Down - March 19, 4:40PM-4:45PM ET"
2026-03-19 20:43:35.000,,,0.5,1000,0,"Bitcoin Up or Down - March 19, 4:45PM-4:50PM ET"
2026-03-19 20:42:51.000,SELL,Up,0.13,5,0,"Bitcoin Up or Down - March 19, 4:40PM-4:45PM ET"
2026-03-19 20:42:45.000,SELL,Down,0.78,5,0,"Bitcoin Up or Down - March 19, 4:40PM-4:45PM ET"
2026-03-19 20:42:41.000,SELL,Up,0.13,28.02,0,"Bitcoin Up or Down - March 19, 4:40PM-4:45PM ET"
2026-03-19 20:42:41.000,BUY,Up,0.16308939498931188,21.604791000000002,0,"Bitcoin Up or Down - March 19, 4:40PM-4:45PM ET"
2026-03-19 20:42:27.000,SELL,Up,0.19,21.53,0,"Bitcoin Up or Down - March 19, 4:40PM-4:45PM ET"
2026-03-19 20:42:25.000,SELL,Up,0.24,21.4,0,"Bitcoin Up or Down - March 19, 4:40PM-4:45PM ET"
2026-03-19 20:42:19.000,SELL,Up,0.34330160618679356,16.81,0,"Bitcoin Up or Down - March 19, 4:40PM-4:45PM ET"
2026-03-19 20:42:09.000,BUY,Down,0.48999999218085066,30.214676,0,"Bitcoin Up or Down - March 19, 4:40PM-4:45PM ET"
2026-03-19 20:42:07.000,BUY,Down,0.4099999028947087,4.566355000000001,0,"Bitcoin Up or Down - March 19, 4:40PM-4:45PM ET"
2026-03-19 20:41:25.000,SELL,Down,0.42,51.19,0,"Bitcoin Up or Down - March 19, 4:40PM-4:45PM ET"
2026-03-19 20:41:19.000,BUY,Down,0.4,8.67328,0,"Bitcoin Up or Down - March 19, 4:40PM-4:45PM ET"
2026-03-19 20:41:05.000,BUY,Down,0.37999996627218235,8.771305,0,"Bitcoin Up or Down - March 19, 4:40PM-4:45PM ET"
2026-03-19 20:41:01.000,BUY,Down,0.34649811494838423,10.712337,0,"Bitcoin Up or Down - March 19, 4:40PM-4:45PM ET"
2026-03-19 20:40:59.000,SELL,Up,0.69,5,0,"Bitcoin Up or Down - March 19, 4:40PM-4:45PM ET"
2026-03-19 20:40:45.000,BUY,Down,0.2815203805615148,5.836250000000001,0,"Bitcoin Up or Down - March 19, 4:40PM-4:45PM ET"
2026-03-19 20:40:41.000,SELL,Down,0.27,39.78,0,"Bitcoin Up or Down - March 19, 4:40PM-4:45PM ET"
2026-03-19 20:40:33.000,SELL,Down,0.35,50.12,0,"Bitcoin Up or Down - March 19, 4:40PM-4:45PM ET"
2026-03-19 20:40:29.000,BUY,Down,0.36999988509313203,4.29225,0,"Bitcoin Up or Down - March 19, 4:40PM-4:45PM ET"
2026-03-19 20:40:25.000,BUY,Down,0.2599999539058126,13.756124,0,"Bitcoin Up or Down - March 19, 4:40PM-4:45PM ET"
2026-03-19 20:40:21.000,SELL,Down,0.17,5,0,"Bitcoin Up or Down - March 19, 4:40PM-4:45PM ET"
2026-03-19 20:40:17.000,SELL,Down,0.27,8.61,0,"Bitcoin Up or Down - March 19, 4:40PM-4:45PM ET"
2026-03-19 20:40:03.000,,,0,1109.74854,0,"Bitcoin Up or Down - March 19, 4:30PM-4:35PM ET"
2026-03-19 20:38:35.000,,,0.5,1000,0,"Bitcoin Up or Down - March 19, 4:40PM-4:45PM ET"
2026-03-19 20:37:07.000,BUY,Down,0.219999973418123,28.380437999999998,0,"Bitcoin Up or Down - March 19, 4:35PM-4:40PM ET"
2026-03-19 20:36:59.000,SELL,Down,0.2,39.56,0,"Bitcoin Up or Down - March 19, 4:35PM-4:40PM ET"
2026-03-19 20:36:39.000,BUY,Down,0.3099999874897397,46.621849,0,"Bitcoin Up or Down - March 19, 4:35PM-4:40PM ET"
2026-03-19 20:35:57.000,SELL,Down,0.249184961219929,76.07,0,"Bitcoin Up or Down - March 19, 4:35PM-4:40PM ET"
2026-03-19 20:35:43.000,SELL,Down,0.26016431153466973,30.43,0,"Bitcoin Up or Down - March 19, 4:35PM-4:40PM ET"
2026-03-19 20:35:39.000,SELL,Down,0.35,33.7,0,"Bitcoin Up or Down - March 19, 4:35PM-4:40PM ET"
2026-03-19 20:35:33.000,SELL,Down,0.3734878048780488,77.9,0,"Bitcoin Up or Down - March 19, 4:35PM-4:40PM ET"
2026-03-19 20:35:33.000,SELL,Down,0.4,97.38,0,"Bitcoin Up or Down - March 19, 4:35PM-4:40PM ET"
2026-03-19 20:35:21.000,BUY,Up,0.4982060654344295,70.18184,0,"Bitcoin Up or Down - March 19, 4:35PM-4:40PM ET"
2026-03-19 20:35:03.000,,,0,919.699501,0,"Bitcoin Up or Down - March 19, 4:25PM-4:30PM ET"
2026-03-19 20:33:35.000,,,0.5,1000,0,"Bitcoin Up or Down - March 19, 4:35PM-4:40PM ET"
2026-03-19 20:33:07.000,BUY,Down,0.2,30.8016,0,"Bitcoin Up or Down - March 19, 4:30PM-4:35PM ET"
2026-03-19 20:32:21.000,SELL,Down,0.15513388510223952,41.08,0,"Bitcoin Up or Down - March 19, 4:30PM-4:35PM ET"
2026-03-19 20:32:09.000,SELL,Down,0.2186260012322859,97.38,0,"Bitcoin Up or Down - March 19, 4:30PM-4:35PM ET"
2026-03-19 20:32:01.000,SELL,Down,0.24,47.47,0,"Bitcoin Up or Down - March 19, 4:30PM-4:35PM ET"
2026-03-19 20:31:21.000,SELL,Down,0.3,17.8,0,"Bitcoin Up or Down - March 19, 4:30PM-4:35PM ET"
2026-03-19 20:31:19.000,SELL,Down,0.3298154701718908,39.56,0,"Bitcoin Up or Down - March 19, 4:30PM-4:35PM ET"
2026-03-19 20:31:07.000,BUY,Down,0.4506471655461633,49.250595000000004,0,"Bitcoin Up or Down - March 19, 4:30PM-4:35PM ET"
2026-03-19 20:31:03.000,SELL,Down,0.37,97.38,0,"Bitcoin Up or Down - March 19, 4:30PM-4:35PM ET"
2026-03-19 20:31:01.000,SELL,Down,0.38025099313831706,55.38,0,"Bitcoin Up or Down - March 19, 4:30PM-4:35PM ET"
2026-03-19 20:30:59.000,SELL,Down,0.4283194566170026,45.64,0,"Bitcoin Up or Down - March 19, 4:30PM-4:35PM ET"
2026-03-19 20:30:51.000,BUY,Up,0.5256185720593644,38.938615,0,"Bitcoin Up or Down - March 19, 4:30PM-4:35PM ET"
2026-03-19 20:30:51.000,SELL,Down,0.46146361502347416,85.2,0,"Bitcoin Up or Down - March 19, 4:30PM-4:35PM ET"
2026-03-19 20:30:33.000,BUY,Up,0.5099999972580644,46.671553,0,"Bitcoin Up or Down - March 19, 4:30PM-4:35PM ET"
2026-03-19 20:30:29.000,BUY,Up,0.49,17.71898,0,"Bitcoin Up or Down - March 19, 4:30PM-4:35PM ET"
2026-03-19 20:30:29.000,BUY,Up,0.45783581401067525,11.419392,0,"Bitcoin Up or Down - March 19, 4:30PM-4:35PM ET"
2026-03-19 20:30:11.000,SELL,Up,0.45,5,0,"Bitcoin Up or Down - March 19, 4:30PM-4:35PM ET"
2026-03-19 20:31:03.000,SELL,Down,0.37,97.38,0,"Bitcoin Up or Down - March 19, 4:30PM-4:35PM ET"
2026-03-19 20:31:01.000,SELL,Down,0.38025099313831706,55.38,0,"Bitcoin Up or Down - March 19, 4:30PM-4:35PM ET"
2026-03-19 20:30:59.000,SELL,Down,0.4283194566170026,45.64,0,"Bitcoin Up or Down - March 19, 4:30PM-4:35PM ET"
2026-03-19 20:30:51.000,BUY,Up,0.5256185720593644,38.938615,0,"Bitcoin Up or Down - March 19, 4:30PM-4:35PM ET"
2026-03-19 20:30:51.000,SELL,Down,0.46146361502347416,85.2,0,"Bitcoin Up or Down - March 19, 4:30PM-4:35PM ET"
2026-03-19 20:30:33.000,BUY,Up,0.5099999972580644,46.671553,0,"Bitcoin Up or Down - March 19, 4:30PM-4:35PM ET"
2026-03-19 20:30:29.000,BUY,Up,0.49,17.71898,0,"Bitcoin Up or Down - March 19, 4:30PM-4:35PM ET"
2026-03-19 20:30:29.000,BUY,Up,0.45783581401067525,11.419392,0,"Bitcoin Up or Down - March 19, 4:30PM-4:35PM ET"
2026-03-19 20:30:11.000,SELL,Up,0.45,5,0,"Bitcoin Up or Down - March 19, 4:30PM-4:35PM ET"
2026-03-19 20:30:03.000,,,0,1017.233102,0,"Bitcoin Up or Down - March 19, 4:20PM-4:25PM ET"
2026-03-19 20:29:25.000,BUY,Up,0.1551901336073998,19.37638,0,"Bitcoin Up or Down - March 19, 4:25PM-4:30PM ET"
2026-03-19 20:29:11.000,SELL,Up,0.23,23.84,0,"Bitcoin Up or Down - March 19, 4:25PM-4:30PM ET"
2026-03-19 20:29:07.000,SELL,Up,0.30832,5,0,"Bitcoin Up or Down - March 19, 4:25PM-4:30PM ET"
2026-03-19 20:28:59.000,BUY,Down,0.3099999696955109,19.898791000000003,0,"Bitcoin Up or Down - March 19, 4:25PM-4:30PM ET"
2026-03-19 20:28:57.000,BUY,Down,0.22,50.62456,0,"Bitcoin Up or Down - March 19, 4:25PM-4:30PM ET"
2026-03-19 20:28:35.000,,,0.5,1000,0,"Bitcoin Up or Down - March 19, 4:30PM-4:35PM ET"
2026-03-19 20:28:05.000,BUY,Down,0.22,8.93375,0,"Bitcoin Up or Down - March 19, 4:25PM-4:30PM ET"
2026-03-19 20:27:33.000,SELL,Down,0.2,23.27,0,"Bitcoin Up or Down - March 19, 4:25PM-4:30PM ET"
2026-03-19 20:27:31.000,SELL,Down,0.22068913857677902,53.4,0,"Bitcoin Up or Down - March 19, 4:25PM-4:30PM ET"
2026-03-19 20:27:07.000,SELL,Down,0.2839911308203991,22.55,0,"Bitcoin Up or Down - March 19, 4:25PM-4:30PM ET"
2026-03-19 20:27:05.000,SELL,Down,0.38,35.6,0,"Bitcoin Up or Down - March 19, 4:25PM-4:30PM ET"
2026-03-19 20:26:07.000,SELL,Down,0.4577740251765428,32.57,0,"Bitcoin Up or Down - March 19, 4:25PM-4:30PM ET"
2026-03-19 20:25:59.000,BUY,Up,0.5299999912637359,30.426229,0,"Bitcoin Up or Down - March 19, 4:25PM-4:30PM ET"
2026-03-19 20:25:49.000,BUY,Down,0.529999944961523,4.829559,0,"Bitcoin Up or Down - March 19, 4:25PM-4:30PM ET"
2026-03-19 20:25:25.000,SELL,Down,0.47,11.2,0,"Bitcoin Up or Down - March 19, 4:25PM-4:30PM ET"
2026-03-19 20:25:17.000,BUY,Up,0.5099999806613746,21.888153,0,"Bitcoin Up or Down - March 19, 4:25PM-4:30PM ET"
2026-03-19 20:25:15.000,BUY,Down,0.539999976093748,14.002841,0,"Bitcoin Up or Down - March 19, 4:25PM-4:30PM ET"
2026-03-19 20:25:13.000,BUY,Up,0.5,8.68219,0,"Bitcoin Up or Down - March 19, 4:25PM-4:30PM ET"
2026-03-19 20:25:03.000,,,0,991.81,0,"Bitcoin Up or Down - March 19, 4:15PM-4:20PM ET"
2026-03-19 20:24:15.000,SELL,Up,0.10867879510885774,33.53,0,"Bitcoin Up or Down - March 19, 4:20PM-4:25PM ET"
2026-03-19 20:24:15.000,SELL,Down,0.84,8.27,0,"Bitcoin Up or Down - March 19, 4:20PM-4:25PM ET"
2026-03-19 20:24:11.000,SELL,Up,0.13,52.99,0,"Bitcoin Up or Down - March 19, 4:20PM-4:25PM ET"
2026-03-19 20:24:01.000,BUY,Up,0.2,19.3752,0,"Bitcoin Up or Down - March 19, 4:20PM-4:25PM ET"
2026-03-19 20:23:49.000,SELL,Up,0.12,29.06,0,"Bitcoin Up or Down - March 19, 4:20PM-4:25PM ET"
2026-03-19 20:23:35.000,,,0.5,1000,0,"Bitcoin Up or Down - March 19, 4:25PM-4:30PM ET"
2026-03-19 20:23:11.000,BUY,Up,0.18004340130570673,23.863479,0,"Bitcoin Up or Down - March 19, 4:20PM-4:25PM ET"
2026-03-19 20:22:59.000,SELL,Down,0.81,5,0,"Bitcoin Up or Down - March 19, 4:20PM-4:25PM ET"
2026-03-19 20:22:25.000,SELL,Up,0.17,14.01,0,"Bitcoin Up or Down - March 19, 4:20PM-4:25PM ET"
2026-03-19 20:22:11.000,SELL,Up,0.2,22.42,0,"Bitcoin Up or Down - March 19, 4:20PM-4:25PM ET"
2026-03-19 20:22:05.000,SELL,Up,0.33,25.22,0,"Bitcoin Up or Down - March 19, 4:20PM-4:25PM ET"
2026-03-19 20:22:01.000,BUY,Up,0.40999998144796185,15.934169999999998,0,"Bitcoin Up or Down - March 19, 4:20PM-4:25PM ET"
2026-03-19 20:21:53.000,SELL,Up,0.35,21.31,0,"Bitcoin Up or Down - March 19, 4:20PM-4:25PM ET"
2026-03-19 20:21:29.000,BUY,Up,0.44,7.63237,0,"Bitcoin Up or Down - March 19, 4:20PM-4:25PM ET"
2026-03-19 20:21:13.000,BUY,Down,0.3799999250340029,7.629481,0,"Bitcoin Up or Down - March 19, 4:20PM-4:25PM ET"
2026-03-19 20:21:07.000,BUY,Up,0.519999951525418,8.935552,0,"Bitcoin Up or Down - March 19, 4:20PM-4:25PM ET"
2026-03-19 20:20:47.000,SELL,Up,0.43,7,0,"Bitcoin Up or Down - March 19, 4:20PM-4:25PM ET"
2026-03-19 20:20:39.000,BUY,Down,0.4699999883791201,22.873621,0,"Bitcoin Up or Down - March 19, 4:20PM-4:25PM ET"
2026-03-19 20:20:35.000,BUY,Up,0.5399999915624992,16.336641,0,"Bitcoin Up or Down - March 19, 4:20PM-4:25PM ET"
2026-03-19 20:20:27.000,BUY,Up,0.5,24.80625,0,"Bitcoin Up or Down - March 19, 4:20PM-4:25PM ET"
2026-03-19 20:20:01.000,,,0,1000,0,"Bitcoin Up or Down - March 19, 4:10PM-4:15PM ET"
2026-03-19 20:18:39.000,SELL,Down,0.1,23.27,0,"Bitcoin Up or Down - March 19, 4:15PM-4:20PM ET"
2026-03-19 20:18:35.000,,,0.5,1000,0,"Bitcoin Up or Down - March 19, 4:20PM-4:25PM ET"
2026-03-19 20:18:31.000,SELL,Down,0.15,8.61,0,"Bitcoin Up or Down - March 19, 4:15PM-4:20PM ET"
2026-03-19 20:18:21.000,SELL,Down,0.19,23.27,0,"Bitcoin Up or Down - March 19, 4:15PM-4:20PM ET"
2026-03-19 20:18:09.000,SELL,Down,0.29,20.04,0,"Bitcoin Up or Down - March 19, 4:15PM-4:20PM ET"
2026-03-19 20:18:07.000,BUY,Down,0.22523314612365372,41.637119999999996,0,"Bitcoin Up or Down - March 19, 4:15PM-4:20PM ET"
2026-03-19 20:17:59.000,BUY,Down,0.18999997897872276,36.885552000000004,0,"Bitcoin Up or Down - March 19, 4:15PM-4:20PM ET"
2026-03-19 20:17:37.000,SELL,Down,0.16,41.88,0,"Bitcoin Up or Down - March 19, 4:15PM-4:20PM ET"
2026-03-19 20:17:37.000,SELL,Down,0.13,23.27,0,"Bitcoin Up or Down - March 19, 4:15PM-4:20PM ET"
2026-03-19 20:17:19.000,BUY,Down,0.22999993934065313,11.776494,0,"Bitcoin Up or Down - March 19, 4:15PM-4:20PM ET"
2026-03-19 20:17:11.000,BUY,Down,0.1799999547096742,17.128431000000003,0,"Bitcoin Up or Down - March 19, 4:15PM-4:20PM ET"
2026-03-19 20:17:05.000,BUY,Down,0.15,35.8537,0,"Bitcoin Up or Down - March 19, 4:15PM-4:20PM ET"
2026-03-19 20:16:11.000,BUY,Down,0.20842601223318402,29.97321,0,"Bitcoin Up or Down - March 19, 4:15PM-4:20PM ET"
2026-03-19 20:15:35.000,SELL,Up,0.85,8.19,0,"Bitcoin Up or Down - March 19, 4:15PM-4:20PM ET"
2026-03-19 20:15:21.000,SELL,Down,0.18,8.95,0,"Bitcoin Up or Down - March 19, 4:15PM-4:20PM ET"
2026-03-19 20:15:19.000,SELL,Down,0.21,17.9,0,"Bitcoin Up or Down - March 19, 4:15PM-4:20PM ET"
2026-03-19 20:15:17.000,SELL,Down,0.2627548209366391,18.15,0,"Bitcoin Up or Down - March 19, 4:15PM-4:20PM ET"
2026-03-19 20:15:15.000,SELL,Down,0.3160734693877551,49,0,"Bitcoin Up or Down - March 19, 4:15PM-4:20PM ET"
2026-03-19 20:15:03.000,,,0,927.218381,0,"Bitcoin Up or Down - March 19, 4:05PM-4:10PM ET"
2026-03-19 20:14:47.000,BUY,Up,0.1199999780320356,36.315145,0,"Bitcoin Up or Down - March 19, 4:10PM-4:15PM ET"
2026-03-19 20:14:23.000,BUY,Up,0.12,34.40382,0,"Bitcoin Up or Down - March 19, 4:10PM-4:15PM ET"
2026-03-19 20:14:03.000,BUY,Up,0.12,29.91637,0,"Bitcoin Up or Down - March 19, 4:10PM-4:15PM ET"
2026-03-19 20:13:35.000,,,0.5,1000,0,"Bitcoin Up or Down - March 19, 4:15PM-4:20PM ET"
2026-03-19 20:12:53.000,SELL,Up,0.14,8.35,0,"Bitcoin Up or Down - March 19, 4:10PM-4:15PM ET"
2026-03-19 20:12:41.000,BUY,Up,0.2199999616464865,18.634535999999997,0,"Bitcoin Up or Down - March 19, 4:10PM-4:15PM ET"
2026-03-19 20:12:25.000,BUY,Up,0.1752195554967729,41.728347,0,"Bitcoin Up or Down - March 19, 4:10PM-4:15PM ET"
2026-03-19 20:11:21.000,SELL,Up,0.14257455268389663,30.18,0,"Bitcoin Up or Down - March 19, 4:10PM-4:15PM ET"
2026-03-19 20:11:03.000,SELL,Up,0.22,13.41,0,"Bitcoin Up or Down - March 19, 4:10PM-4:15PM ET"
2026-03-19 20:10:55.000,SELL,Up,0.25,14.53,0,"Bitcoin Up or Down - March 19, 4:10PM-4:15PM ET"
2026-03-19 20:10:41.000,SELL,Up,0.26,6.7,0,"Bitcoin Up or Down - March 19, 4:10PM-4:15PM ET"
2026-03-19 20:10:31.000,SELL,Up,0.35,35.77,0,"Bitcoin Up or Down - March 19, 4:10PM-4:15PM ET"
2026-03-19 20:10:29.000,SELL,Up,0.38,20.12,0,"Bitcoin Up or Down - March 19, 4:10PM-4:15PM ET"
2026-03-19 20:10:19.000,SELL,Up,0.42,26.15,0,"Bitcoin Up or Down - March 19, 4:10PM-4:15PM ET"
2026-03-19 20:10:01.000,,,0,804.596301,0,"Bitcoin Up or Down - March 19, 4:00PM-4:05PM ET"
2026-03-19 20:09:05.000,SELL,Up,0.87,5.43,0,"Bitcoin Up or Down - March 19, 4:05PM-4:10PM ET"
2026-03-19 20:08:59.000,SELL,Down,0.11629032258064516,9.3,0,"Bitcoin Up or Down - March 19, 4:05PM-4:10PM ET"
2026-03-19 20:08:41.000,SELL,Down,0.16,6.98,0,"Bitcoin Up or Down - March 19, 4:05PM-4:10PM ET"
2026-03-19 20:08:39.000,SELL,Down,0.18799745304043297,31.41,0,"Bitcoin Up or Down - March 19, 4:05PM-4:10PM ET"
2026-03-19 20:08:35.000,BUY,Down,0.30999996438794464,16.933111,0,"Bitcoin Up or Down - March 19, 4:05PM-4:10PM ET"
2026-03-19 20:08:35.000,SELL,Down,0.24,6.28,0,"Bitcoin Up or Down - March 19, 4:05PM-4:10PM ET"
2026-03-19 20:08:35.000,,,0.5,1000,0,"Bitcoin Up or Down - March 19, 4:10PM-4:15PM ET"
2026-03-19 20:08:27.000,BUY,Up,0.5628419603971447,82.800862,0,"Bitcoin Up or Down - March 19, 4:05PM-4:10PM ET"
2026-03-19 20:08:21.000,BUY,Up,0.4299999815714256,11.224207,0,"Bitcoin Up or Down - March 19, 4:05PM-4:10PM ET"
2026-03-19 20:08:01.000,SELL,Up,0.38,40.69,0,"Bitcoin Up or Down - March 19, 4:05PM-4:10PM ET"
2026-03-19 20:07:37.000,SELL,Up,0.43,5,0,"Bitcoin Up or Down - March 19, 4:05PM-4:10PM ET"
2026-03-19 20:07:33.000,BUY,Up,0.4459636251609909,22.566914999999998,0,"Bitcoin Up or Down - March 19, 4:05PM-4:10PM ET"
2026-03-19 20:07:23.000,SELL,Up,0.44795176511709195,28.61,0,"Bitcoin Up or Down - March 19, 4:05PM-4:10PM ET"
2026-03-19 20:07:19.000,BUY,Up,0.44999998142688535,18.555863,0,"Bitcoin Up or Down - March 19, 4:05PM-4:10PM ET"
2026-03-19 20:07:15.000,BUY,Up,0.35,45.60222,0,"Bitcoin Up or Down - March 19, 4:05PM-4:10PM ET"
2026-03-19 20:07:11.000,BUY,Up,0.28759269409533955,38.087994,0,"Bitcoin Up or Down - March 19, 4:05PM-4:10PM ET"
2026-03-19 20:06:59.000,SELL,Up,0.20786952931461603,36.33,0,"Bitcoin Up or Down - March 19, 4:05PM-4:10PM ET"
2026-03-19 20:06:51.000,SELL,Up,0.2653763440860215,18.6,0,"Bitcoin Up or Down - March 19, 4:05PM-4:10PM ET"
2026-03-19 20:06:31.000,SELL,Up,0.27,35.77,0,"Bitcoin Up or Down - March 19, 4:05PM-4:10PM ET"
2026-03-19 20:06:27.000,SELL,Up,0.3,43.59,0,"Bitcoin Up or Down - March 19, 4:05PM-4:10PM ET"
2026-03-19 20:06:09.000,SELL,Up,0.38817724350013977,35.77,0,"Bitcoin Up or Down - March 19, 4:05PM-4:10PM ET"
2026-03-19 20:05:59.000,SELL,Up,0.41,15.69,0,"Bitcoin Up or Down - March 19, 4:05PM-4:10PM ET"
2026-03-19 20:05:35.000,SELL,Up,0.43,67.07,0,"Bitcoin Up or Down - March 19, 4:05PM-4:10PM ET"
2026-03-19 20:05:25.000,BUY,Down,0.5299999832471246,25.856728,0,"Bitcoin Up or Down - March 19, 4:05PM-4:10PM ET"
2026-03-19 20:05:21.000,BUY,Up,0.5,40.930319999999995,0,"Bitcoin Up or Down - March 19, 4:05PM-4:10PM ET"
2026-03-19 20:05:03.000,,,0,980.907567,0,"Bitcoin Up or Down - March 19, 3:55PM-4:00PM ET"
2026-03-19 20:04:45.000,BUY,Up,0.5263523956723338,31.847340000000003,0,"Bitcoin Up or Down - March 19, 4:00PM-4:05PM ET"
2026-03-19 20:04:37.000,BUY,Up,0.5855706158972722,37.555474999999994,0,"Bitcoin Up or Down - March 19, 4:00PM-4:05PM ET"
2026-03-19 20:04:29.000,BUY,Down,0.5699999938605439,30.482587,0,"Bitcoin Up or Down - March 19, 4:00PM-4:05PM ET"
2026-03-19 20:04:27.000,SELL,Down,0.2914711359404097,69.81,0,"Bitcoin Up or Down - March 19, 4:00PM-4:05PM ET"
2026-03-19 20:04:27.000,SELL,Down,0.3500716204118174,44.68,0,"Bitcoin Up or Down - March 19, 4:00PM-4:05PM ET"
2026-03-19 20:04:11.000,BUY,Down,0.479999952709341,4.163305,0,"Bitcoin Up or Down - March 19, 4:00PM-4:05PM ET"
2026-03-19 20:04:07.000,BUY,Up,0.529999944961523,4.829559,0,"Bitcoin Up or Down - March 19, 4:00PM-4:05PM ET"
2026-03-19 20:04:05.000,BUY,Down,0.48,3.50702,0,"Bitcoin Up or Down - March 19, 4:00PM-4:05PM ET"
2026-03-19 20:03:59.000,BUY,Down,0.3899999145714066,5.308434,0,"Bitcoin Up or Down - March 19, 4:00PM-4:05PM ET"
2026-03-19 20:03:55.000,BUY,Down,0.33999991688886305,5.227476,0,"Bitcoin Up or Down - March 19, 4:00PM-4:05PM ET"
2026-03-19 20:03:53.000,BUY,Down,0.28999993059827756,7.9834439999999995,0,"Bitcoin Up or Down - March 19, 4:00PM-4:05PM ET"
2026-03-19 20:03:47.000,SELL,Down,0.26,24.16,0,"Bitcoin Up or Down - March 19, 4:00PM-4:05PM ET"
2026-03-19 20:03:41.000,SELL,Down,0.33814665592264304,74.46,0,"Bitcoin Up or Down - March 19, 4:00PM-4:05PM ET"
2026-03-19 20:03:39.000,SELL,Down,0.35,23.27,0,"Bitcoin Up or Down - March 19, 4:00PM-4:05PM ET"
2026-03-19 20:03:37.000,SELL,Down,0.44,15.12,0,"Bitcoin Up or Down - March 19, 4:00PM-4:05PM ET"
2026-03-19 20:03:35.000,,,0.5,1000,0,"Bitcoin Up or Down - March 19, 4:05PM-4:10PM ET"
2026-03-19 20:03:25.000,BUY,Down,0.5099999494047468,4.864035,0,"Bitcoin Up or Down - March 19, 4:00PM-4:05PM ET"
2026-03-19 20:03:17.000,BUY,Up,0.4,11.03872,0,"Bitcoin Up or Down - March 19, 4:00PM-4:05PM ET"
2026-03-19 20:02:51.000,BUY,Up,0.3899999399159588,9.024335,0,"Bitcoin Up or Down - March 19, 4:00PM-4:05PM ET"
2026-03-19 20:02:41.000,SELL,Down,0.66,5.44,0,"Bitcoin Up or Down - March 19, 4:00PM-4:05PM ET"
2026-03-19 20:02:11.000,BUY,Up,0.32,39.06331,0,"Bitcoin Up or Down - March 19, 4:00PM-4:05PM ET"
2026-03-19 20:02:03.000,BUY,Up,0.3,25.51556,0,"Bitcoin Up or Down - March 19, 4:00PM-4:05PM ET"
2026-03-19 20:01:57.000,SELL,Up,0.2928847530422334,27.94,0,"Bitcoin Up or Down - March 19, 4:00PM-4:05PM ET"
2026-03-19 20:01:37.000,BUY,Up,0.33999995246199827,9.554659000000001,0,"Bitcoin Up or Down - March 19, 4:00PM-4:05PM ET"
2026-03-19 20:01:31.000,BUY,Up,0.26999997658536473,27.067871999999998,0,"Bitcoin Up or Down - March 19, 4:00PM-4:05PM ET"
2026-03-19 20:01:27.000,SELL,Up,0.25,15.98,0,"Bitcoin Up or Down - March 19, 4:00PM-4:05PM ET"
2026-03-19 20:01:19.000,SELL,Up,0.27833725029377204,17.02,0,"Bitcoin Up or Down - March 19, 4:00PM-4:05PM ET"
2026-03-19 20:01:17.000,BUY,Up,0.34999993965516546,9.814206,0,"Bitcoin Up or Down - March 19, 4:00PM-4:05PM ET"
2026-03-19 20:01:15.000,BUY,Up,0.31275835493589293,26.452785,0,"Bitcoin Up or Down - March 19, 4:00PM-4:05PM ET"
2026-03-19 20:01:05.000,BUY,Up,0.32,26.15543,0,"Bitcoin Up or Down - March 19, 4:00PM-4:05PM ET"
2026-03-19 20:00:45.000,SELL,Up,0.28,22.42,0,"Bitcoin Up or Down - March 19, 4:00PM-4:05PM ET"
2026-03-19 20:00:37.000,BUY,Up,0.32,14.729800000000001,0,"Bitcoin Up or Down - March 19, 4:00PM-4:05PM ET"
2026-03-19 20:00:27.000,SELL,Up,0.3,22.42,0,"Bitcoin Up or Down - March 19, 4:00PM-4:05PM ET"
2026-03-19 20:00:23.000,BUY,Up,0.3,25.51556,0,"Bitcoin Up or Down - March 19, 4:00PM-4:05PM ET"
2026-03-19 20:00:21.000,SELL,Up,0.2821283448959366,40.36,0,"Bitcoin Up or Down - March 19, 4:00PM-4:05PM ET"
2026-03-19 20:00:19.000,,,0,924.3,0,"Bitcoin Up or Down - March 19, 3:45PM-3:50PM ET"
2026-03-19 20:00:15.000,SELL,Up,0.32,15.39,0,"Bitcoin Up or Down - March 19, 4:00PM-4:05PM ET"
2026-03-19 20:00:03.000,,,0,934.12,0,"Bitcoin Up or Down - March 19, 3:50PM-3:55PM ET"
2026-03-19 19:59:47.000,SELL,Up,0.25863997352746526,30.22,0,"Bitcoin Up or Down - March 19, 3:55PM-4:00PM ET"
2026-03-19 19:59:45.000,SELL,Up,0.44,24.18,0,"Bitcoin Up or Down - March 19, 3:55PM-4:00PM ET"
2026-03-19 19:59:41.000,SELL,Up,0.45,5,0,"Bitcoin Up or Down - March 19, 3:55PM-4:00PM ET"
2026-03-19 19:59:39.000,BUY,Down,0.4598685651217995,4.49609,0,"Bitcoin Up or Down - March 19, 3:55PM-4:00PM ET"
2026-03-19 19:59:39.000,BUY,Down,0.42,4.43325,0,"Bitcoin Up or Down - March 19, 3:55PM-4:00PM ET"
2026-03-19 19:59:37.000,BUY,Down,0.35,4.34307,0,"Bitcoin Up or Down - March 19, 3:55PM-4:00PM ET"
2026-03-19 19:59:37.000,SELL,Up,0.73,5,0,"Bitcoin Up or Down - March 19, 3:55PM-4:00PM ET"
2026-03-19 19:59:35.000,SELL,Down,0.23,8.32,0,"Bitcoin Up or Down - March 19, 3:55PM-4:00PM ET"
2026-03-19 19:59:33.000,SELL,Down,0.29,14.27,0,"Bitcoin Up or Down - March 19, 3:55PM-4:00PM ET"
2026-03-19 19:59:31.000,BUY,Down,0.41999993897434174,5.488777,0,"Bitcoin Up or Down - March 19, 3:55PM-4:00PM ET"
2026-03-19 19:59:27.000,BUY,Down,0.35,4.540489999999999,0,"Bitcoin Up or Down - March 19, 3:55PM-4:00PM ET"
2026-03-19 19:59:25.000,BUY,Down,0.3799999286530455,6.357907,0,"Bitcoin Up or Down - March 19, 3:55PM-4:00PM ET"
2026-03-19 19:59:17.000,SELL,Down,0.38,5,0,"Bitcoin Up or Down - March 19, 3:55PM-4:00PM ET"
2026-03-19 19:59:13.000,BUY,Up,0.5099999314426097,5.887031,0,"Bitcoin Up or Down - March 19, 3:55PM-4:00PM ET"
2026-03-19 19:59:11.000,SELL,Down,0.58,5,0,"Bitcoin Up or Down - March 19, 3:55PM-4:00PM ET"
2026-03-19 19:59:09.000,SELL,Up,0.27,5,0,"Bitcoin Up or Down - March 19, 3:55PM-4:00PM ET"
2026-03-19 19:59:09.000,SELL,Up,0.29,5,0,"Bitcoin Up or Down - March 19, 3:55PM-4:00PM ET"
2026-03-19 19:59:05.000,SELL,Up,0.32,9.79,0,"Bitcoin Up or Down - March 19, 3:55PM-4:00PM ET"
2026-03-19 19:59:03.000,SELL,Up,0.36,10.07,0,"Bitcoin Up or Down - March 19, 3:55PM-4:00PM ET"
2026-03-19 19:59:01.000,SELL,Up,0.4,5,0,"Bitcoin Up or Down - March 19, 3:55PM-4:00PM ET"
2026-03-19 19:58:55.000,BUY,Up,0.419999933559295,4.1517740000000005,0,"Bitcoin Up or Down - March 19, 3:55PM-4:00PM ET"
2026-03-19 19:58:51.000,BUY,Up,0.33437082141878877,8.772361,0,"Bitcoin Up or Down - March 19, 3:55PM-4:00PM ET"
2026-03-19 19:58:49.000,SELL,Down,0.73,5,0,"Bitcoin Up or Down - March 19, 3:55PM-4:00PM ET"
2026-03-19 19:58:35.000,SELL,Up,0.26,5,0,"Bitcoin Up or Down - March 19, 3:55PM-4:00PM ET"
2026-03-19 19:58:35.000,,,0.5,1000,0,"Bitcoin Up or Down - March 19, 4:00PM-4:05PM ET"
2026-03-19 19:58:23.000,SELL,Up,0.29,5,0,"Bitcoin Up or Down - March 19, 3:55PM-4:00PM ET"
2026-03-19 19:58:19.000,SELL,Up,0.34,5,0,"Bitcoin Up or Down - March 19, 3:55PM-4:00PM ET"
2026-03-19 19:58:15.000,SELL,Up,0.36,5,0,"Bitcoin Up or Down - March 19, 3:55PM-4:00PM ET"
2026-03-19 19:58:11.000,SELL,Up,0.44,5,0,"Bitcoin Up or Down - March 19, 3:55PM-4:00PM ET"
2026-03-19 19:58:05.000,BUY,Down,0.52,4.846405,0,"Bitcoin Up or Down - March 19, 3:55PM-4:00PM ET"
2026-03-19 19:58:03.000,SELL,Down,0.47,13.1,0,"Bitcoin Up or Down - March 19, 3:55PM-4:00PM ET"
2026-03-19 19:58:01.000,BUY,Up,0.4599999554562344,11.493841999999999,0,"Bitcoin Up or Down - March 19, 3:55PM-4:00PM ET"
2026-03-19 19:57:59.000,BUY,Up,0.44,4.67791,0,"Bitcoin Up or Down - March 19, 3:55PM-4:00PM ET"
2026-03-19 19:57:57.000,BUY,Up,0.37999996701886457,13.753827,0,"Bitcoin Up or Down - March 19, 3:55PM-4:00PM ET"
2026-03-19 19:57:53.000,BUY,Up,0.3799999208333086,4.98252,0,"Bitcoin Up or Down - March 19, 3:55PM-4:00PM ET"
2026-03-19 19:57:49.000,SELL,Up,0.31,10.16,0,"Bitcoin Up or Down - March 19, 3:55PM-4:00PM ET"
2026-03-19 19:57:31.000,SELL,Up,0.39,5,0,"Bitcoin Up or Down - March 19, 3:55PM-4:00PM ET"
2026-03-19 19:57:27.000,BUY,Up,0.29999993430655975,9.032642,0,"Bitcoin Up or Down - March 19, 3:55PM-4:00PM ET"
2026-03-19 19:57:19.000,SELL,Up,0.26078,5,0,"Bitcoin Up or Down - March 19, 3:55PM-4:00PM ET"
2026-03-19 19:57:17.000,BUY,Up,0.2199999406349131,11.370224,0,"Bitcoin Up or Down - March 19, 3:55PM-4:00PM ET"
2026-03-19 19:57:17.000,BUY,Up,0.32,4.75554,0,"Bitcoin Up or Down - March 19, 3:55PM-4:00PM ET"
2026-03-19 19:57:05.000,BUY,Up,0.2099999745882341,28.138382,0,"Bitcoin Up or Down - March 19, 3:55PM-4:00PM ET"
2026-03-19 19:56:47.000,SELL,Up,0.19,5,0,"Bitcoin Up or Down - March 19, 3:55PM-4:00PM ET"
2026-03-19 19:56:43.000,BUY,Up,0.221038908611059,13.292053000000001,0,"Bitcoin Up or Down - March 19, 3:55PM-4:00PM ET"
2026-03-19 19:56:41.000,SELL,Up,0.19,5,0,"Bitcoin Up or Down - March 19, 3:55PM-4:00PM ET"
2026-03-19 19:56:39.000,SELL,Down,0.79,7.28,0,"Bitcoin Up or Down - March 19, 3:55PM-4:00PM ET"
2026-03-19 19:56:37.000,SELL,Up,0.2,6.99,0,"Bitcoin Up or Down - March 19, 3:55PM-4:00PM ET"
2026-03-19 19:56:31.000,SELL,Down,0.77,5.61,0,"Bitcoin Up or Down - March 19, 3:55PM-4:00PM ET"
2026-03-19 19:56:27.000,SELL,Up,0.25,12.75,0,"Bitcoin Up or Down - March 19, 3:55PM-4:00PM ET"
2026-03-19 19:56:19.000,SELL,Up,0.33,5,0,"Bitcoin Up or Down - March 19, 3:55PM-4:00PM ET"
2026-03-19 19:56:11.000,SELL,Up,0.38,5,0,"Bitcoin Up or Down - March 19, 3:55PM-4:00PM ET"
2026-03-19 19:56:09.000,SELL,Up,0.4,5,0,"Bitcoin Up or Down - March 19, 3:55PM-4:00PM ET"
2026-03-19 19:56:05.000,SELL,Up,0.42,5,0,"Bitcoin Up or Down - March 19, 3:55PM-4:00PM ET"
2026-03-19 19:56:03.000,BUY,Up,0.379999844897917,3.81474,0,"Bitcoin Up or Down - March 19, 3:55PM-4:00PM ET"
2026-03-19 19:55:21.000,SELL,Up,0.37,6.99,0,"Bitcoin Up or Down - March 19, 3:55PM-4:00PM ET"
2026-03-19 19:55:15.000,BUY,Down,0.5099999095161086,4.786834,0,"Bitcoin Up or Down - March 19, 3:55PM-4:00PM ET"
2026-03-19 19:55:13.000,BUY,Down,0.4699999658870855,5.194744,0,"Bitcoin Up or Down - March 19, 3:55PM-4:00PM ET"
2026-03-19 19:53:35.000,,,0.5,1000,0,"Bitcoin Up or Down - March 19, 3:55PM-4:00PM ET"
2026-03-19 19:53:21.000,SELL,Down,0.9,9.91,0,"Bitcoin Up or Down - March 19, 3:50PM-3:55PM ET"
2026-03-19 19:53:13.000,SELL,Down,0.91,5,0,"Bitcoin Up or Down - March 19, 3:50PM-3:55PM ET"
2026-03-19 19:52:55.000,SELL,Up,0.1,15.24,0,"Bitcoin Up or Down - March 19, 3:50PM-3:55PM ET"
2026-03-19 19:52:47.000,BUY,Up,0.20999992575756452,9.3637,0,"Bitcoin Up or Down - March 19, 3:50PM-3:55PM ET"
2026-03-19 19:52:43.000,BUY,Up,0.11999996264591149,21.356965,0,"Bitcoin Up or Down - March 19, 3:50PM-3:55PM ET"
2026-03-19 19:52:35.000,SELL,Down,0.9,13.36,0,"Bitcoin Up or Down - March 19, 3:50PM-3:55PM ET"
2026-03-19 19:51:43.000,SELL,Up,0.12,10.58,0,"Bitcoin Up or Down - March 19, 3:50PM-3:55PM ET"
2026-03-19 19:51:33.000,SELL,Down,0.84,11.01,0,"Bitcoin Up or Down - March 19, 3:50PM-3:55PM ET"
2026-03-19 19:51:29.000,BUY,Up,0.16,18.47868,0,"Bitcoin Up or Down - March 19, 3:50PM-3:55PM ET"
2026-03-19 19:51:25.000,SELL,Up,0.17,19.75,0,"Bitcoin Up or Down - March 19, 3:50PM-3:55PM ET"
2026-03-19 19:51:23.000,SELL,Up,0.19912515188335358,8.23,0,"Bitcoin Up or Down - March 19, 3:50PM-3:55PM ET"
2026-03-19 19:51:19.000,SELL,Down,0.81,5,0,"Bitcoin Up or Down - March 19, 3:50PM-3:55PM ET"
2026-03-19 19:51:13.000,BUY,Up,0.16,14.43453,0,"Bitcoin Up or Down - March 19, 3:50PM-3:55PM ET"
2026-03-19 19:51:07.000,SELL,Down,0.87,12.72,0,"Bitcoin Up or Down - March 19, 3:50PM-3:55PM ET"
2026-03-19 19:50:45.000,SELL,Down,0.85,8.88,0,"Bitcoin Up or Down - March 19, 3:50PM-3:55PM ET"
2026-03-19 19:50:41.000,SELL,Up,0.15,5.71,0,"Bitcoin Up or Down - March 19, 3:50PM-3:55PM ET"
2026-03-19 19:50:39.000,SELL,Up,0.21,8.89,0,"Bitcoin Up or Down - March 19, 3:50PM-3:55PM ET"
2026-03-19 19:50:37.000,SELL,Up,0.26,5,0,"Bitcoin Up or Down - March 19, 3:50PM-3:55PM ET"
2026-03-19 19:50:37.000,SELL,Up,0.27622,5,0,"Bitcoin Up or Down - March 19, 3:50PM-3:55PM ET"
2026-03-19 19:50:35.000,SELL,Up,0.32,5,0,"Bitcoin Up or Down - March 19, 3:50PM-3:55PM ET"
2026-03-19 19:50:33.000,BUY,Up,0.2699999072307535,7.152081,0,"Bitcoin Up or Down - March 19, 3:50PM-3:55PM ET"
2026-03-19 19:50:29.000,SELL,Up,0.24,5,0,"Bitcoin Up or Down - March 19, 3:50PM-3:55PM ET"
2026-03-19 19:50:25.000,SELL,Up,0.33,5,0,"Bitcoin Up or Down - March 19, 3:50PM-3:55PM ET"
2026-03-19 19:50:23.000,BUY,Up,0.32999992211177126,4.819166,0,"Bitcoin Up or Down - March 19, 3:50PM-3:55PM ET"
2026-03-19 19:50:15.000,SELL,Up,0.32,5.95,0,"Bitcoin Up or Down - March 19, 3:50PM-3:55PM ET"
2026-03-19 19:50:11.000,SELL,Up,0.34,5,0,"Bitcoin Up or Down - March 19, 3:50PM-3:55PM ET"
2026-03-19 19:50:05.000,,,0,943.338153,0,"Bitcoin Up or Down - March 19, 3:40PM-3:45PM ET"
2026-03-19 19:49:17.000,SELL,Up,0.07,5,0,"Bitcoin Up or Down - March 19, 3:45PM-3:50PM ET"
2026-03-19 19:49:13.000,SELL,Down,0.8771225071225072,14.04,0,"Bitcoin Up or Down - March 19, 3:45PM-3:50PM ET"
2026-03-19 19:49:05.000,SELL,Down,0.86,9.36,0,"Bitcoin Up or Down - March 19, 3:45PM-3:50PM ET"
2026-03-19 19:48:59.000,SELL,Up,0.12,10.79,0,"Bitcoin Up or Down - March 19, 3:45PM-3:50PM ET"
2026-03-19 19:48:57.000,SELL,Up,0.13,5,0,"Bitcoin Up or Down - March 19, 3:45PM-3:50PM ET"
2026-03-19 19:48:53.000,SELL,Down,0.89,5,0,"Bitcoin Up or Down - March 19, 3:45PM-3:50PM ET"
2026-03-19 19:48:41.000,SELL,Up,0.12,11.02,0,"Bitcoin Up or Down - March 19, 3:45PM-3:50PM ET"
2026-03-19 19:48:37.000,SELL,Down,0.85,5,0,"Bitcoin Up or Down - March 19, 3:45PM-3:50PM ET"
2026-03-19 19:48:35.000,,,0.5,1000,0,"Bitcoin Up or Down - March 19, 3:50PM-3:55PM ET"
2026-03-19 19:48:29.000,SELL,Up,0.13,8.81,0,"Bitcoin Up or Down - March 19, 3:45PM-3:50PM ET"
2026-03-19 19:48:25.000,SELL,Up,0.19,8.39,0,"Bitcoin Up or Down - March 19, 3:45PM-3:50PM ET"
2026-03-19 19:48:23.000,SELL,Down,0.77,5.26,0,"Bitcoin Up or Down - March 19, 3:45PM-3:50PM ET"
2026-03-19 19:48:07.000,SELL,Up,0.2,5,0,"Bitcoin Up or Down - March 19, 3:45PM-3:50PM ET"
2026-03-19 19:48:03.000,SELL,Down,0.77,5,0,"Bitcoin Up or Down - March 19, 3:45PM-3:50PM ET"
2026-03-19 19:48:01.000,SELL,Up,0.19,5,0,"Bitcoin Up or Down - March 19, 3:45PM-3:50PM ET"
2026-03-19 19:47:59.000,SELL,Up,0.27,5,0,"Bitcoin Up or Down - March 19, 3:45PM-3:50PM ET"
2026-03-19 19:47:55.000,BUY,Up,0.28,5.44412,0,"Bitcoin Up or Down - March 19, 3:45PM-3:50PM ET"
2026-03-19 19:47:47.000,SELL,Down,0.76,5,0,"Bitcoin Up or Down - March 19, 3:45PM-3:50PM ET"
2026-03-19 19:47:43.000,SELL,Down,0.8,5.46,0,"Bitcoin Up or Down - March 19, 3:45PM-3:50PM ET"
2026-03-19 19:47:31.000,SELL,Up,0.17,10.12,0,"Bitcoin Up or Down - March 19, 3:45PM-3:50PM ET"
2026-03-19 19:47:27.000,SELL,Down,0.78,5,0,"Bitcoin Up or Down - March 19, 3:45PM-3:50PM ET"
2026-03-19 19:47:23.000,SELL,Down,0.8,5,0,"Bitcoin Up or Down - March 19, 3:45PM-3:50PM ET"
2026-03-19 19:47:21.000,SELL,Down,0.83,6.32,0,"Bitcoin Up or Down - March 19, 3:45PM-3:50PM ET"
2026-03-19 19:47:19.000,SELL,Up,0.15,5,0,"Bitcoin Up or Down - March 19, 3:45PM-3:50PM ET"
2026-03-19 19:47:15.000,SELL,Up,0.21,5,0,"Bitcoin Up or Down - March 19, 3:45PM-3:50PM ET"
2026-03-19 19:47:05.000,SELL,Down,0.76,5.26,0,"Bitcoin Up or Down - March 19, 3:45PM-3:50PM ET"
2026-03-19 19:47:01.000,BUY,Up,0.22999992797978416,8.541193999999999,0,"Bitcoin Up or Down - March 19, 3:45PM-3:50PM ET"
2026-03-19 19:46:57.000,SELL,Up,0.22,10.12,0,"Bitcoin Up or Down - March 19, 3:45PM-3:50PM ET"
2026-03-19 19:46:55.000,SELL,Up,0.24,8.99,0,"Bitcoin Up or Down - March 19, 3:45PM-3:50PM ET"
2026-03-19 19:46:51.000,SELL,Up,0.26,9.44,0,"Bitcoin Up or Down - March 19, 3:45PM-3:50PM ET"
2026-03-19 19:46:51.000,SELL,Up,0.29,5,0,"Bitcoin Up or Down - March 19, 3:45PM-3:50PM ET"
2026-03-19 19:46:47.000,SELL,Up,0.33,5,0,"Bitcoin Up or Down - March 19, 3:45PM-3:50PM ET"
2026-03-19 19:46:43.000,BUY,Up,0.35999987265301964,4.029142,0,"Bitcoin Up or Down - March 19, 3:45PM-3:50PM ET"
2026-03-19 19:46:39.000,SELL,Up,0.32,19.83,0,"Bitcoin Up or Down - March 19, 3:45PM-3:50PM ET"
2026-03-19 19:46:37.000,SELL,Up,0.33,14.16,0,"Bitcoin Up or Down - March 19, 3:45PM-3:50PM ET"
2026-03-19 19:46:33.000,BUY,Up,0.38999996718749486,10.515745,0,"Bitcoin Up or Down - March 19, 3:45PM-3:50PM ET"
2026-03-19 19:46:31.000,BUY,Up,0.3399998690682921,4.675683,0,"Bitcoin Up or Down - March 19, 3:45PM-3:50PM ET"
2026-03-19 19:46:27.000,SELL,Up,0.3,8.99,0,"Bitcoin Up or Down - March 19, 3:45PM-3:50PM ET"
2026-03-19 19:46:13.000,SELL,Up,0.33,5.99,0,"Bitcoin Up or Down - March 19, 3:45PM-3:50PM ET"
2026-03-19 19:46:09.000,SELL,Up,0.37,5,0,"Bitcoin Up or Down - March 19, 3:45PM-3:50PM ET"
2026-03-19 19:46:05.000,BUY,Up,0.3959919839679359,12.29659,0,"Bitcoin Up or Down - March 19, 3:45PM-3:50PM ET"
2026-03-19 19:45:57.000,SELL,Up,0.38,9.79,0,"Bitcoin Up or Down - March 19, 3:45PM-3:50PM ET"
2026-03-19 19:45:55.000,SELL,Up,0.42,5,0,"Bitcoin Up or Down - March 19, 3:45PM-3:50PM ET"
2026-03-19 19:45:45.000,BUY,Up,0.4199999746415062,12.431846,0,"Bitcoin Up or Down - March 19, 3:45PM-3:50PM ET"
2026-03-19 19:45:39.000,BUY,Up,0.40999992430766746,4.686526000000001,0,"Bitcoin Up or Down - March 19, 3:45PM-3:50PM ET"
2026-03-19 19:45:37.000,SELL,Up,0.35,8.99,0,"Bitcoin Up or Down - March 19, 3:45PM-3:50PM ET"
2026-03-19 19:45:35.000,SELL,Up,0.36,5,0,"Bitcoin Up or Down - March 19, 3:45PM-3:50PM ET"
2026-03-19 19:45:31.000,BUY,Up,0.4199999878084166,16.1614,0,"Bitcoin Up or Down - March 19, 3:45PM-3:50PM ET"
2026-03-19 19:45:29.000,BUY,Up,0.3799999286530455,6.357907,0,"Bitcoin Up or Down - March 19, 3:45PM-3:50PM ET"
2026-03-19 19:45:19.000,SELL,Up,0.33,9.87,0,"Bitcoin Up or Down - March 19, 3:45PM-3:50PM ET"
2026-03-19 19:45:17.000,SELL,Up,0.35,5,0,"Bitcoin Up or Down - March 19, 3:45PM-3:50PM ET"
2026-03-19 19:45:15.000,SELL,Up,0.39,19.05,0,"Bitcoin Up or Down - March 19, 3:45PM-3:50PM ET"
2026-03-19 19:45:13.000,BUY,Up,0.41,13.7952,0,"Bitcoin Up or Down - March 19, 3:45PM-3:50PM ET"
2026-03-19 19:45:11.000,BUY,Up,0.3959610710360837,29.797912,0,"Bitcoin Up or Down - March 19, 3:45PM-3:50PM ET"
2026-03-19 19:45:11.000,SELL,Up,0.38,16.51,0,"Bitcoin Up or Down - March 19, 3:45PM-3:50PM ET"
2026-03-19 19:45:03.000,,,0,1049.06213,0,"Bitcoin Up or Down - March 19, 3:35PM-3:40PM ET"
2026-03-19 19:44:25.000,SELL,Up,0.88,7.62,0,"Bitcoin Up or Down - March 19, 3:40PM-3:45PM ET"
2026-03-19 19:44:23.000,SELL,Down,0.08830638297872341,11.75,0,"Bitcoin Up or Down - March 19, 3:40PM-3:45PM ET"
2026-03-19 19:44:21.000,BUY,Down,0.12,22.43728,0,"Bitcoin Up or Down - March 19, 3:40PM-3:45PM ET"
2026-03-19 19:44:19.000,SELL,Up,0.9,9.87,0,"Bitcoin Up or Down - March 19, 3:40PM-3:45PM ET"
2026-03-19 19:44:13.000,SELL,Down,0.05,10.28,0,"Bitcoin Up or Down - March 19, 3:40PM-3:45PM ET"
2026-03-19 19:44:13.000,SELL,Up,0.93,5,0,"Bitcoin Up or Down - March 19, 3:40PM-3:45PM ET"
2026-03-19 19:44:11.000,SELL,Up,0.9,13.82,0,"Bitcoin Up or Down - March 19, 3:40PM-3:45PM ET"
2026-03-19 19:43:53.000,SELL,Up,0.91,19.36,0,"Bitcoin Up or Down - March 19, 3:40PM-3:45PM ET"
2026-03-19 19:43:49.000,SELL,Up,0.93,12.7,0,"Bitcoin Up or Down - March 19, 3:40PM-3:45PM ET"
2026-03-19 19:43:35.000,,,0.5,1000,0,"Bitcoin Up or Down - March 19, 3:45PM-3:50PM ET"
2026-03-19 19:43:29.000,SELL,Down,0.12,5,0,"Bitcoin Up or Down - March 19, 3:40PM-3:45PM ET"
2026-03-19 19:43:27.000,SELL,Down,0.15,25.7,0,"Bitcoin Up or Down - March 19, 3:40PM-3:45PM ET"
2026-03-19 19:43:23.000,SELL,Up,0.83,5,0,"Bitcoin Up or Down - March 19, 3:40PM-3:45PM ET"
2026-03-19 19:43:17.000,SELL,Up,0.8,7.14,0,"Bitcoin Up or Down - March 19, 3:40PM-3:45PM ET"
2026-03-19 19:43:11.000,SELL,Down,0.22,5,0,"Bitcoin Up or Down - March 19, 3:40PM-3:45PM ET"
2026-03-19 19:43:03.000,SELL,Down,0.32,5,0,"Bitcoin Up or Down - March 19, 3:40PM-3:45PM ET"
2026-03-19 19:43:01.000,SELL,Down,0.36,5.14,0,"Bitcoin Up or Down - March 19, 3:40PM-3:45PM ET"
2026-03-19 19:42:57.000,SELL,Down,0.3,13.21,0,"Bitcoin Up or Down - March 19, 3:40PM-3:45PM ET"
2026-03-19 19:42:53.000,SELL,Down,0.46,17.47,0,"Bitcoin Up or Down - March 19, 3:40PM-3:45PM ET"
2026-03-19 19:42:31.000,BUY,Up,0.52,16.48912,0,"Bitcoin Up or Down - March 19, 3:40PM-3:45PM ET"
2026-03-19 19:42:25.000,SELL,Up,0.47,7.62,0,"Bitcoin Up or Down - March 19, 3:40PM-3:45PM ET"
2026-03-19 19:42:17.000,BUY,Down,0.4699999658870855,5.194744,0,"Bitcoin Up or Down - March 19, 3:40PM-3:45PM ET"
2026-03-19 19:42:15.000,BUY,Down,0.3899998577358115,4.019241999999999,0,"Bitcoin Up or Down - March 19, 3:40PM-3:45PM ET"
2026-03-19 19:42:11.000,SELL,Down,0.39,10.28,0,"Bitcoin Up or Down - March 19, 3:40PM-3:45PM ET"
2026-03-19 19:42:11.000,BUY,Down,0.3799998882352722,5.2939300000000005,0,"Bitcoin Up or Down - March 19, 3:40PM-3:45PM ET"
2026-03-19 19:42:09.000,BUY,Down,0.4099999303773265,3.821317,0,"Bitcoin Up or Down - March 19, 3:40PM-3:45PM ET"
2026-03-19 19:42:03.000,BUY,Down,0.3899999474999869,6.572345,0,"Bitcoin Up or Down - March 19, 3:40PM-3:45PM ET"
2026-03-19 19:42:01.000,BUY,Down,0.36999985973852356,4.078964,0,"Bitcoin Up or Down - March 19, 3:40PM-3:45PM ET"
2026-03-19 19:41:59.000,SELL,Down,0.38,5,0,"Bitcoin Up or Down - March 19, 3:40PM-3:45PM ET"
2026-03-19 19:41:57.000,SELL,Down,0.41,18.5,0,"Bitcoin Up or Down - March 19, 3:40PM-3:45PM ET"
2026-03-19 19:41:57.000,SELL,Down,0.40567536889897843,8.81,0,"Bitcoin Up or Down - March 19, 3:40PM-3:45PM ET"
2026-03-19 19:41:51.000,SELL,Down,0.44,5,0,"Bitcoin Up or Down - March 19, 3:40PM-3:45PM ET"
2026-03-19 19:41:49.000,BUY,Down,0.4699999681612822,6.493433,0,"Bitcoin Up or Down - March 19, 3:40PM-3:45PM ET"
2026-03-19 19:41:41.000,SELL,Down,0.47,6.16,0,"Bitcoin Up or Down - March 19, 3:40PM-3:45PM ET"
2026-03-19 19:41:37.000,BUY,Up,0.5099999808948998,18.548956,0,"Bitcoin Up or Down - March 19, 3:40PM-3:45PM ET"
2026-03-19 19:41:35.000,SELL,Up,0.48,5.08,0,"Bitcoin Up or Down - March 19, 3:40PM-3:45PM ET"
2026-03-19 19:41:29.000,BUY,Down,0.5225769643257984,6.631038,0,"Bitcoin Up or Down - March 19, 3:40PM-3:45PM ET"
2026-03-19 19:41:23.000,SELL,Down,0.4729682179341657,17.62,0,"Bitcoin Up or Down - March 19, 3:40PM-3:45PM ET"
2026-03-19 19:41:21.000,BUY,Up,0.5099999855465579,23.837625,0,"Bitcoin Up or Down - March 19, 3:40PM-3:45PM ET"
2026-03-19 19:41:17.000,BUY,Up,0.47,8.86039,0,"Bitcoin Up or Down - March 19, 3:40PM-3:45PM ET"
2026-03-19 19:41:11.000,SELL,Up,0.47,12.7,0,"Bitcoin Up or Down - March 19, 3:40PM-3:45PM ET"
2026-03-19 19:41:07.000,BUY,Up,0.5,9.15469,0,"Bitcoin Up or Down - March 19, 3:40PM-3:45PM ET"
2026-03-19 19:41:07.000,SELL,Up,0.46,26.67,0,"Bitcoin Up or Down - March 19, 3:40PM-3:45PM ET"
2026-03-19 19:41:03.000,BUY,Down,0.4899999829303267,19.607395999999998,0,"Bitcoin Up or Down - March 19, 3:40PM-3:45PM ET"
2026-03-19 19:40:59.000,BUY,Up,0.5,4.96125,0,"Bitcoin Up or Down - March 19, 3:40PM-3:45PM ET"
2026-03-19 19:40:55.000,BUY,Up,0.5,4.646249999999999,0,"Bitcoin Up or Down - March 19, 3:40PM-3:45PM ET"
2026-03-19 19:40:55.000,SELL,Up,0.47,5,0,"Bitcoin Up or Down - March 19, 3:40PM-3:45PM ET"
2026-03-19 19:40:47.000,BUY,Up,0.4099999627272583,5.022989000000001,0,"Bitcoin Up or Down - March 19, 3:40PM-3:45PM ET"
2026-03-19 19:40:39.000,SELL,Up,0.45,17.78,0,"Bitcoin Up or Down - March 19, 3:40PM-3:45PM ET"
2026-03-19 19:40:37.000,BUY,Up,0.4510885938096789,19.624104,0,"Bitcoin Up or Down - March 19, 3:40PM-3:45PM ET"
2026-03-19 19:40:31.000,BUY,Up,0.429999876783589,3.917023,0,"Bitcoin Up or Down - March 19, 3:40PM-3:45PM ET"
2026-03-19 19:40:31.000,BUY,Up,0.40999993747799707,8.195412,0,"Bitcoin Up or Down - March 19, 3:40PM-3:45PM ET"
2026-03-19 19:40:29.000,BUY,Up,0.3699999816209135,20.394824,0,"Bitcoin Up or Down - March 19, 3:40PM-3:45PM ET"
2026-03-19 19:40:29.000,BUY,Up,0.4,7.83552,0,"Bitcoin Up or Down - March 19, 3:40PM-3:45PM ET"
2026-03-19 19:40:19.000,SELL,Up,0.35,13.33,0,"Bitcoin Up or Down - March 19, 3:40PM-3:45PM ET"
2026-03-19 19:40:15.000,SELL,Up,0.38,5,0,"Bitcoin Up or Down - March 19, 3:40PM-3:45PM ET"
2026-03-19 19:40:15.000,SELL,Up,0.36,19.05,0,"Bitcoin Up or Down - March 19, 3:40PM-3:45PM ET"
2026-03-19 19:40:13.000,SELL,Up,0.39486696950032446,15.41,0,"Bitcoin Up or Down - March 19, 3:40PM-3:45PM ET"
2026-03-19 19:40:03.000,,,0,1021.581226,0,"Bitcoin Up or Down - March 19, 3:30PM-3:35PM ET"
2026-03-19 19:39:21.000,SELL,Down,0.07,5.28,0,"Bitcoin Up or Down - March 19, 3:35PM-3:40PM ET"
2026-03-19 19:39:11.000,BUY,Down,0.18999996414215484,21.346533,0,"Bitcoin Up or Down - March 19, 3:35PM-3:40PM ET"
2026-03-19 19:39:07.000,SELL,Down,0.26,5,0,"Bitcoin Up or Down - March 19, 3:35PM-3:40PM ET"
2026-03-19 19:39:01.000,BUY,Down,0.2818263752927074,15.838866999999999,0,"Bitcoin Up or Down - March 19, 3:35PM-3:40PM ET"
2026-03-19 19:38:57.000,BUY,Down,0.2678537080681714,23.072315,0,"Bitcoin Up or Down - March 19, 3:35PM-3:40PM ET"
2026-03-19 19:38:53.000,SELL,Down,0.3,5,0,"Bitcoin Up or Down - March 19, 3:35PM-3:40PM ET"
2026-03-19 19:38:49.000,SELL,Down,0.36,5,0,"Bitcoin Up or Down - March 19, 3:35PM-3:40PM ET"
2026-03-19 19:38:45.000,BUY,Down,0.35999996417909913,11.018475,0,"Bitcoin Up or Down - March 19, 3:35PM-3:40PM ET"
2026-03-19 19:38:41.000,BUY,Down,0.3248855764518223,20.283392,0,"Bitcoin Up or Down - March 19, 3:35PM-3:40PM ET"
2026-03-19 19:38:39.000,BUY,Down,0.33999990801930413,6.011594,0,"Bitcoin Up or Down - March 19, 3:35PM-3:40PM ET"
2026-03-19 19:38:39.000,SELL,Down,0.3,7.34,0,"Bitcoin Up or Down - March 19, 3:35PM-3:40PM ET"
2026-03-19 19:38:35.000,,,0.5,1000,0,"Bitcoin Up or Down - March 19, 3:40PM-3:45PM ET"
2026-03-19 19:38:35.000,SELL,Down,0.38,5.14,0,"Bitcoin Up or Down - March 19, 3:35PM-3:40PM ET"
2026-03-19 19:38:33.000,BUY,Down,0.3899998577358115,4.019241999999999,0,"Bitcoin Up or Down - March 19, 3:35PM-3:40PM ET"
2026-03-19 19:38:31.000,BUY,Down,0.32999995260637716,11.254698000000001,0,"Bitcoin Up or Down - March 19, 3:35PM-3:40PM ET"
2026-03-19 19:38:29.000,SELL,Down,0.35,5,0,"Bitcoin Up or Down - March 19, 3:35PM-3:40PM ET"
2026-03-19 19:38:27.000,SELL,Down,0.36,5.14,0,"Bitcoin Up or Down - March 19, 3:35PM-3:40PM ET"
2026-03-19 19:38:17.000,BUY,Down,0.45,8.271370000000001,0,"Bitcoin Up or Down - March 19, 3:35PM-3:40PM ET"
2026-03-19 19:38:07.000,BUY,Up,0.549999945156685,6.2840869999999995,0,"Bitcoin Up or Down - March 19, 3:35PM-3:40PM ET"
2026-03-19 19:38:01.000,BUY,Up,0.47999998875878114,17.514564999999997,0,"Bitcoin Up or Down - March 19, 3:35PM-3:40PM ET"
2026-03-19 19:37:57.000,BUY,Up,0.4199999688888862,14.566372999999999,0,"Bitcoin Up or Down - March 19, 3:35PM-3:40PM ET"
2026-03-19 19:37:49.000,BUY,Up,0.28999994410908136,9.382257,0,"Bitcoin Up or Down - March 19, 3:35PM-3:40PM ET"
2026-03-19 19:37:45.000,SELL,Up,0.28,9.87,0,"Bitcoin Up or Down - March 19, 3:35PM-3:40PM ET"
2026-03-19 19:37:43.000,BUY,Up,0.32,25.69223,0,"Bitcoin Up or Down - March 19, 3:35PM-3:40PM ET"
2026-03-19 19:37:29.000,SELL,Down,0.76,5,0,"Bitcoin Up or Down - March 19, 3:35PM-3:40PM ET"
2026-03-19 19:37:17.000,SELL,Up,0.2,15.55,0,"Bitcoin Up or Down - March 19, 3:35PM-3:40PM ET"
2026-03-19 19:37:17.000,BUY,Up,0.23408858862480214,8.390362,0,"Bitcoin Up or Down - March 19, 3:35PM-3:40PM ET"
2026-03-19 19:37:11.000,SELL,Down,0.78,5,0,"Bitcoin Up or Down - March 19, 3:35PM-3:40PM ET"
2026-03-19 19:37:09.000,SELL,Down,0.81,5,0,"Bitcoin Up or Down - March 19, 3:35PM-3:40PM ET"
2026-03-19 19:37:07.000,SELL,Down,0.83,5,0,"Bitcoin Up or Down - March 19, 3:35PM-3:40PM ET"
2026-03-19 19:37:05.000,SELL,Down,0.84,5,0,"Bitcoin Up or Down - March 19, 3:35PM-3:40PM ET"
2026-03-19 19:37:05.000,SELL,Down,0.84,5,0,"Bitcoin Up or Down - March 19, 3:35PM-3:40PM ET"
2026-03-19 19:36:57.000,SELL,Up,0.17,5,0,"Bitcoin Up or Down - March 19, 3:35PM-3:40PM ET"
2026-03-19 19:36:53.000,SELL,Up,0.17,7.05,0,"Bitcoin Up or Down - March 19, 3:35PM-3:40PM ET"
2026-03-19 19:36:51.000,SELL,Down,0.79,5,0,"Bitcoin Up or Down - March 19, 3:35PM-3:40PM ET"
2026-03-19 19:36:49.000,SELL,Up,0.19,9.87,0,"Bitcoin Up or Down - March 19, 3:35PM-3:40PM ET"
2026-03-19 19:36:43.000,BUY,Up,0.1899999629268252,17.160936,0,"Bitcoin Up or Down - March 19, 3:35PM-3:40PM ET"
2026-03-19 19:36:43.000,SELL,Down,0.78,6.6,0,"Bitcoin Up or Down - March 19, 3:35PM-3:40PM ET"
2026-03-19 19:36:39.000,SELL,Up,0.18,8,0,"Bitcoin Up or Down - March 19, 3:35PM-3:40PM ET"
2026-03-19 19:36:37.000,SELL,Up,0.23,9.4,0,"Bitcoin Up or Down - March 19, 3:35PM-3:40PM ET"
2026-03-19 19:36:33.000,SELL,Down,0.76,5,0,"Bitcoin Up or Down - March 19, 3:35PM-3:40PM ET"
2026-03-19 19:36:25.000,BUY,Up,0.21999995679586296,17.461418,0,"Bitcoin Up or Down - March 19, 3:35PM-3:40PM ET"
2026-03-19 19:36:11.000,BUY,Up,0.21,17.87615,0,"Bitcoin Up or Down - March 19, 3:35PM-3:40PM ET"
2026-03-19 19:36:09.000,SELL,Down,0.83,8.56,0,"Bitcoin Up or Down - March 19, 3:35PM-3:40PM ET"
2026-03-19 19:36:05.000,SELL,Up,0.15,5,0,"Bitcoin Up or Down - March 19, 3:35PM-3:40PM ET"
2026-03-19 19:35:59.000,BUY,Up,0.15,37.24801,0,"Bitcoin Up or Down - March 19, 3:35PM-3:40PM ET"
2026-03-19 19:35:53.000,SELL,Up,0.1501890359168242,15.87,0,"Bitcoin Up or Down - March 19, 3:35PM-3:40PM ET"
2026-03-19 19:35:49.000,SELL,Up,0.1970921985815603,7.05,0,"Bitcoin Up or Down - March 19, 3:35PM-3:40PM ET"
2026-03-19 19:35:45.000,SELL,Up,0.22,8.23,0,"Bitcoin Up or Down - March 19, 3:35PM-3:40PM ET"
2026-03-19 19:35:39.000,SELL,Up,0.31,5,0,"Bitcoin Up or Down - March 19, 3:35PM-3:40PM ET"
2026-03-19 19:35:37.000,SELL,Up,0.36,5.64,0,"Bitcoin Up or Down - March 19, 3:35PM-3:40PM ET"
2026-03-19 19:35:33.000,SELL,Up,0.39,5,0,"Bitcoin Up or Down - March 19, 3:35PM-3:40PM ET"
2026-03-19 19:35:27.000,BUY,Up,0.40999997308080643,19.034492,0,"Bitcoin Up or Down - March 19, 3:35PM-3:40PM ET"
2026-03-19 19:35:19.000,SELL,Up,0.48,15.87,0,"Bitcoin Up or Down - March 19, 3:35PM-3:40PM ET"
2026-03-19 19:35:17.000,BUY,Up,0.5,4.96125,0,"Bitcoin Up or Down - March 19, 3:35PM-3:40PM ET"
2026-03-19 19:35:15.000,SELL,Up,0.45,14.11,0,"Bitcoin Up or Down - March 19, 3:35PM-3:40PM ET"
2026-03-19 19:35:13.000,BUY,Down,0.52,12.05921,0,"Bitcoin Up or Down - March 19, 3:35PM-3:40PM ET"
2026-03-19 19:35:03.000,,,0,974.49,0,"Bitcoin Up or Down - March 19, 3:25PM-3:30PM ET"
2026-03-19 19:34:55.000,BUY,Down,0.20999990666665358,8.086836,0,"Bitcoin Up or Down - March 19, 3:30PM-3:35PM ET"
2026-03-19 19:34:53.000,SELL,Down,0.13364,5,0,"Bitcoin Up or Down - March 19, 3:30PM-3:35PM ET"
2026-03-19 19:34:49.000,SELL,Down,0.32,5,0,"Bitcoin Up or Down - March 19, 3:30PM-3:35PM ET"
2026-03-19 19:34:41.000,SELL,Up,0.71,5,0,"Bitcoin Up or Down - March 19, 3:30PM-3:35PM ET"
2026-03-19 19:34:29.000,BUY,Down,0.12666306089364449,34.238015,0,"Bitcoin Up or Down - March 19, 3:30PM-3:35PM ET"
2026-03-19 19:34:25.000,SELL,Up,0.85322,5,0,"Bitcoin Up or Down - March 19, 3:30PM-3:35PM ET"
2026-03-19 19:34:21.000,SELL,Down,0.02392049883086516,12.83,0,"Bitcoin Up or Down - March 19, 3:30PM-3:35PM ET"
2026-03-19 19:34:17.000,SELL,Up,0.923644996347699,13.69,0,"Bitcoin Up or Down - March 19, 3:30PM-3:35PM ET"
2026-03-19 19:34:07.000,SELL,Up,0.93,5,0,"Bitcoin Up or Down - March 19, 3:30PM-3:35PM ET"
2026-03-19 19:33:57.000,SELL,Up,0.92,9.63,0,"Bitcoin Up or Down - March 19, 3:30PM-3:35PM ET"
2026-03-19 19:33:35.000,,,0.5,1000,0,"Bitcoin Up or Down - March 19, 3:35PM-3:40PM ET"
2026-03-19 19:33:29.000,SELL,Down,0.23,5,0,"Bitcoin Up or Down - March 19, 3:30PM-3:35PM ET"
2026-03-19 19:33:19.000,SELL,Down,0.3,5,0,"Bitcoin Up or Down - March 19, 3:30PM-3:35PM ET"
2026-03-19 19:33:13.000,BUY,Down,0.4221792675894446,14.233886,0,"Bitcoin Up or Down - March 19, 3:30PM-3:35PM ET"
2026-03-19 19:33:07.000,SELL,Down,0.45,8.59,0,"Bitcoin Up or Down - March 19, 3:30PM-3:35PM ET"
2026-03-19 19:33:01.000,SELL,Down,0.48,5.72,0,"Bitcoin Up or Down - March 19, 3:30PM-3:35PM ET"
2026-03-19 19:32:59.000,BUY,Up,0.5599999224615194,4.572386,0,"Bitcoin Up or Down - March 19, 3:30PM-3:35PM ET"
2026-03-19 19:32:53.000,BUY,Down,0.5099999749783526,13.376094,0,"Bitcoin Up or Down - March 19, 3:30PM-3:35PM ET"
2026-03-19 19:32:49.000,BUY,Up,0.52,7.6293,0,"Bitcoin Up or Down - March 19, 3:30PM-3:35PM ET"
2026-03-19 19:32:41.000,BUY,Down,0.46999997824073886,15.835584999999998,0,"Bitcoin Up or Down - March 19, 3:30PM-3:35PM ET"
2026-03-19 19:32:25.000,SELL,Up,0.4,5,0,"Bitcoin Up or Down - March 19, 3:30PM-3:35PM ET"
2026-03-19 19:32:15.000,BUY,Up,0.4899999770312421,5.142928,0,"Bitcoin Up or Down - March 19, 3:30PM-3:35PM ET"
2026-03-19 19:32:09.000,BUY,Up,0.4699999467577977,5.362317,0,"Bitcoin Up or Down - March 19, 3:30PM-3:35PM ET"
2026-03-19 19:32:01.000,BUY,Up,0.4199999873251015,17.099650999999998,0,"Bitcoin Up or Down - March 19, 3:30PM-3:35PM ET"
2026-03-19 19:31:55.000,BUY,Up,0.3499998833333074,5.076316,0,"Bitcoin Up or Down - March 19, 3:30PM-3:35PM ET"
2026-03-19 19:31:53.000,SELL,Down,0.68,5.03,0,"Bitcoin Up or Down - March 19, 3:30PM-3:35PM ET"
2026-03-19 19:31:49.000,BUY,Up,0.22999996844074622,20.749062000000002,0,"Bitcoin Up or Down - March 19, 3:30PM-3:35PM ET"
2026-03-19 19:31:47.000,SELL,Up,0.23,5,0,"Bitcoin Up or Down - March 19, 3:30PM-3:35PM ET"
2026-03-19 19:31:45.000,SELL,Up,0.3,5,0,"Bitcoin Up or Down - March 19, 3:30PM-3:35PM ET"
2026-03-19 19:31:43.000,SELL,Up,0.3262748643761302,5.53,0,"Bitcoin Up or Down - March 19, 3:30PM-3:35PM ET"
2026-03-19 19:31:41.000,SELL,Up,0.34,13.82,0,"Bitcoin Up or Down - March 19, 3:30PM-3:35PM ET"
2026-03-19 19:31:39.000,SELL,Up,0.39,5,0,"Bitcoin Up or Down - March 19, 3:30PM-3:35PM ET"
2026-03-19 19:31:35.000,BUY,Up,0.41999991649119583,4.011027,0,"Bitcoin Up or Down - March 19, 3:30PM-3:35PM ET"
2026-03-19 19:31:29.000,SELL,Up,0.39,9.87,0,"Bitcoin Up or Down - March 19, 3:30PM-3:35PM ET"
2026-03-19 19:31:27.000,BUY,Up,0.4,8.40224,0,"Bitcoin Up or Down - March 19, 3:30PM-3:35PM ET"
2026-03-19 19:31:25.000,BUY,Up,0.38999997626983957,19.110343999999998,0,"Bitcoin Up or Down - March 19, 3:30PM-3:35PM ET"
2026-03-19 19:31:23.000,SELL,Up,0.39,5.92,0,"Bitcoin Up or Down - March 19, 3:30PM-3:35PM ET"
2026-03-19 19:31:23.000,SELL,Up,0.38,12.44,0,"Bitcoin Up or Down - March 19, 3:30PM-3:35PM ET"
2026-03-19 19:31:21.000,BUY,Up,0.38999997516509005,10.717973,0,"Bitcoin Up or Down - March 19, 3:30PM-3:35PM ET"
2026-03-19 19:31:17.000,BUY,Up,0.3899999163272603,6.9515210000000005,0,"Bitcoin Up or Down - March 19, 3:30PM-3:35PM ET"
2026-03-19 19:31:15.000,SELL,Up,0.42,10.28,0,"Bitcoin Up or Down - March 19, 3:30PM-3:35PM ET"
2026-03-19 19:31:11.000,BUY,Up,0.36999993591502284,8.157929000000001,0,"Bitcoin Up or Down - March 19, 3:30PM-3:35PM ET"
2026-03-19 19:31:09.000,SELL,Up,0.35,16.93,0,"Bitcoin Up or Down - March 19, 3:30PM-3:35PM ET"
2026-03-19 19:31:07.000,BUY,Up,0.3799999870849661,19.852217,0,"Bitcoin Up or Down - March 19, 3:30PM-3:35PM ET"
2026-03-19 19:31:05.000,SELL,Up,0.36,16.93,0,"Bitcoin Up or Down - March 19, 3:30PM-3:35PM ET"
2026-03-19 19:31:01.000,BUY,Up,0.38999997977777506,13.650242,0,"Bitcoin Up or Down - March 19, 3:30PM-3:35PM ET"
2026-03-19 19:30:59.000,BUY,Up,0.3499999581673273,14.157276,0,"Bitcoin Up or Down - March 19, 3:30PM-3:35PM ET"
2026-03-19 19:30:57.000,BUY,Up,0.32999996857142505,14.457492,0,"Bitcoin Up or Down - March 19, 3:30PM-3:35PM ET"
2026-03-19 19:30:55.000,SELL,Up,0.31,19.36,0,"Bitcoin Up or Down - March 19, 3:30PM-3:35PM ET"
2026-03-19 19:30:53.000,BUY,Up,0.30999994497834094,7.366381,0,"Bitcoin Up or Down - March 19, 3:30PM-3:35PM ET"
2026-03-19 19:30:49.000,BUY,Up,0.26636240042212106,21.864444,0,"Bitcoin Up or Down - March 19, 3:30PM-3:35PM ET"
2026-03-19 19:30:45.000,SELL,Up,0.23018372703412074,7.62,0,"Bitcoin Up or Down - March 19, 3:30PM-3:35PM ET"
2026-03-19 19:30:37.000,BUY,Up,0.2599999346976605,8.192708999999999,0,"Bitcoin Up or Down - March 19, 3:30PM-3:35PM ET"
2026-03-19 19:30:35.000,SELL,Up,0.27,16.93,0,"Bitcoin Up or Down - March 19, 3:30PM-3:35PM ET"
2026-03-19 19:30:31.000,BUY,Up,0.2899999783506923,19.651557,0,"Bitcoin Up or Down - March 19, 3:30PM-3:35PM ET"
2026-03-19 19:30:27.000,SELL,Up,0.32,5,0,"Bitcoin Up or Down - March 19, 3:30PM-3:35PM ET"
2026-03-19 19:30:25.000,BUY,Up,0.34999998140770106,21.235914,0,"Bitcoin Up or Down - March 19, 3:30PM-3:35PM ET"
2026-03-19 19:30:19.000,SELL,Up,0.35,20.74,0,"Bitcoin Up or Down - March 19, 3:30PM-3:35PM ET"
2026-03-19 19:30:15.000,SELL,Up,0.37,17.14,0,"Bitcoin Up or Down - March 19, 3:30PM-3:35PM ET"
2026-03-19 19:30:11.000,SELL,Up,0.4,5,0,"Bitcoin Up or Down - March 19, 3:30PM-3:35PM ET"
2026-03-19 19:30:03.000,,,0,871.54343,0,"Bitcoin Up or Down - March 19, 3:20PM-3:25PM ET"
2026-03-19 19:28:35.000,,,0.5,1000,0,"Bitcoin Up or Down - March 19, 3:30PM-3:35PM ET"
2026-03-19 19:26:39.000,SELL,Down,0.93,11.45,0,"Bitcoin Up or Down - March 19, 3:25PM-3:30PM ET"
2026-03-19 19:26:17.000,SELL,Down,0.9,8.56,0,"Bitcoin Up or Down - March 19, 3:25PM-3:30PM ET"
2026-03-19 19:26:15.000,SELL,Up,0.11,10.58,0,"Bitcoin Up or Down - March 19, 3:25PM-3:30PM ET"
2026-03-19 19:26:11.000,SELL,Up,0.13,15.8,0,"Bitcoin Up or Down - March 19, 3:25PM-3:30PM ET"
2026-03-19 19:26:03.000,SELL,Up,0.16,6.58,0,"Bitcoin Up or Down - March 19, 3:25PM-3:30PM ET"
2026-03-19 19:25:59.000,SELL,Up,0.2,5,0,"Bitcoin Up or Down - March 19, 3:25PM-3:30PM ET"
2026-03-19 19:25:59.000,SELL,Up,0.21,12.7,0,"Bitcoin Up or Down - March 19, 3:25PM-3:30PM ET"
2026-03-19 19:25:55.000,SELL,Up,0.25,5,0,"Bitcoin Up or Down - March 19, 3:25PM-3:30PM ET"
2026-03-19 19:25:53.000,SELL,Up,0.26,9.21,0,"Bitcoin Up or Down - March 19, 3:25PM-3:30PM ET"
2026-03-19 19:25:47.000,BUY,Up,0.2999999401993276,9.922722,0,"Bitcoin Up or Down - March 19, 3:25PM-3:30PM ET"
2026-03-19 19:25:45.000,SELL,Down,0.73,5.5,0,"Bitcoin Up or Down - March 19, 3:25PM-3:30PM ET"
2026-03-19 19:25:41.000,SELL,Up,0.26,5,0,"Bitcoin Up or Down - March 19, 3:25PM-3:30PM ET"
