timestamp,time_utc,side,outcome,price,size,usdc,market
1773959581,2026-03-19 22:33:01,SELL,Up,0.06,9.0,0.54,"Bitcoin Up or Down - March 19, 6:30PM-6:35PM ET"
1773959583,2026-03-19 22:33:03,SELL,Up,0.05,10.0,0.5,"Bitcoin Up or Down - March 19, 6:30PM-6:35PM ET"
1773959583,2026-03-19 22:33:03,SELL,Up,0.06,10.0,0.6,"Bitcoin Up or Down - March 19, 6:30PM-6:35PM ET"
1773959585,2026-03-19 22:33:05,SELL,Up,0.04,9.0,0.36,"Bitcoin Up or Down - March 19, 6:30PM-6:35PM ET"
1773959585,2026-03-19 22:33:05,SELL,Up,0.06,18.0,1.08,"Bitcoin Up or Down - March 19, 6:30PM-6:35PM ET"
1773959585,2026-03-19 22:33:05,SELL,Up,0.05454545454545454,11.0,0.6,"Bitcoin Up or Down - March 19, 6:30PM-6:35PM ET"
1773959585,2026-03-19 22:33:05,SELL,Up,0.04,9.0,0.36,"Bitcoin Up or Down - March 19, 6:30PM-6:35PM ET"
1773959587,2026-03-19 22:33:07,BUY,Up,0.07,8.99047,0.6293329000000001,"Bitcoin Up or Down - March 19, 6:30PM-6:35PM ET"
1773959591,2026-03-19 22:33:11,BUY,Up,0.07,8.99047,0.6293329000000001,"Bitcoin Up or Down - March 19, 6:30PM-6:35PM ET"
1773959593,2026-03-19 22:33:13,SELL,Up,0.03,9.0,0.27,"Bitcoin Up or Down - March 19, 6:30PM-6:35PM ET"
1773959593,2026-03-19 22:33:13,BUY,Up,0.04,8.99669,0.35986759999999995,"Bitcoin Up or Down - March 19, 6:30PM-6:35PM ET"
1773959593,2026-03-19 22:33:13,SELL,Up,0.03,12.0,0.36,"Bitcoin Up or Down - March 19, 6:30PM-6:35PM ET"
1773959593,2026-03-19 22:33:13,SELL,Up,0.03,86.0,2.58,"Bitcoin Up or Down - March 19, 6:30PM-6:35PM ET"
1773959593,2026-03-19 22:33:13,BUY,Up,0.04,8.99669,0.35986759999999995,"Bitcoin Up or Down - March 19, 6:30PM-6:35PM ET"
1773959593,2026-03-19 22:33:13,BUY,Up,0.05,8.99493,0.44974650000000005,"Bitcoin Up or Down - March 19, 6:30PM-6:35PM ET"
1773959593,2026-03-19 22:33:13,BUY,Up,0.05,9.99436,0.49971800000000005,"Bitcoin Up or Down - March 19, 6:30PM-6:35PM ET"
1773959593,2026-03-19 22:33:13,BUY,Up,0.05,9.99436,0.49971800000000005,"Bitcoin Up or Down - March 19, 6:30PM-6:35PM ET"
1773959595,2026-03-19 22:33:15,SELL,Up,0.03,18.0,0.54,"Bitcoin Up or Down - March 19, 6:30PM-6:35PM ET"
1773959597,2026-03-19 22:33:17,SELL,Up,0.02,10.0,0.2,"Bitcoin Up or Down - March 19, 6:30PM-6:35PM ET"
1773959597,2026-03-19 22:33:17,SELL,Up,0.02,78.0,1.56,"Bitcoin Up or Down - March 19, 6:30PM-6:35PM ET"
1773959597,2026-03-19 22:33:17,BUY,Up,0.02,10.99895,0.219979,"Bitcoin Up or Down - March 19, 6:30PM-6:35PM ET"
1773959597,2026-03-19 22:33:17,BUY,Up,0.02,8.99914,0.17998280000000003,"Bitcoin Up or Down - March 19, 6:30PM-6:35PM ET"
1773959597,2026-03-19 22:33:17,BUY,Up,0.01,8.99978,0.0899978,"Bitcoin Up or Down - March 19, 6:30PM-6:35PM ET"
1773959599,2026-03-19 22:33:19,BUY,Up,0.02,12.99876,0.2599752,"Bitcoin Up or Down - March 19, 6:30PM-6:35PM ET"
1773959599,2026-03-19 22:33:19,BUY,Up,0.02,8.99914,0.17998280000000003,"Bitcoin Up or Down - March 19, 6:30PM-6:35PM ET"
1773959599,2026-03-19 22:33:19,BUY,Up,0.02,11.99885,0.239977,"Bitcoin Up or Down - March 19, 6:30PM-6:35PM ET"
1773959599,2026-03-19 22:33:19,BUY,Up,0.03,50.98921,1.5296763,"Bitcoin Up or Down - March 19, 6:30PM-6:35PM ET"
1773959599,2026-03-19 22:33:19,BUY,Up,0.02,8.99914,0.17998280000000003,"Bitcoin Up or Down - March 19, 6:30PM-6:35PM ET"
1773959599,2026-03-19 22:33:19,BUY,Up,0.02,12.99876,0.2599752,"Bitcoin Up or Down - March 19, 6:30PM-6:35PM ET"
1773959599,2026-03-19 22:33:19,SELL,Up,0.05,19.0,0.9500000000000001,"Bitcoin Up or Down - March 19, 6:30PM-6:35PM ET"
1773959599,2026-03-19 22:33:19,BUY,Up,0.02,11.99885,0.239977,"Bitcoin Up or Down - March 19, 6:30PM-6:35PM ET"
1773959601,2026-03-19 22:33:21,BUY,Up,0.01,50.99876,0.5099876,"Bitcoin Up or Down - March 19, 6:30PM-6:35PM ET"
1773959601,2026-03-19 22:33:21,BUY,Up,0.01,12.99969,0.1299969,"Bitcoin Up or Down - March 19, 6:30PM-6:35PM ET"
1773959603,2026-03-19 22:33:23,SELL,Up,0.03,5.0,0.15,"Bitcoin Up or Down - March 19, 6:30PM-6:35PM ET"
1773959603,2026-03-19 22:33:23,BUY,Up,0.06,9.99205,0.599523,"Bitcoin Up or Down - March 19, 6:30PM-6:35PM ET"
1773959605,2026-03-19 22:33:25,BUY,Up,0.01,9.99976,0.0999976,"Bitcoin Up or Down - March 19, 6:30PM-6:35PM ET"
1773959605,2026-03-19 22:33:25,BUY,Up,0.01,8.99978,0.0899978,"Bitcoin Up or Down - March 19, 6:30PM-6:35PM ET"
1773959605,2026-03-19 22:33:25,BUY,Up,0.01,8.99978,0.0899978,"Bitcoin Up or Down - March 19, 6:30PM-6:35PM ET"
1773959605,2026-03-19 22:33:25,BUY,Up,0.01,10.99974,0.1099974,"Bitcoin Up or Down - March 19, 6:30PM-6:35PM ET"
1773959605,2026-03-19 22:33:25,BUY,Up,0.01,8.99978,0.0899978,"Bitcoin Up or Down - March 19, 6:30PM-6:35PM ET"
1773959605,2026-03-19 22:33:25,BUY,Up,0.01,8.99978,0.0899978,"Bitcoin Up or Down - March 19, 6:30PM-6:35PM ET"
1773959607,2026-03-19 22:33:27,BUY,Up,0.01,8.99978,0.0899978,"Bitcoin Up or Down - March 19, 6:30PM-6:35PM ET"
1773959609,2026-03-19 22:33:29,BUY,Up,0.01,11.99971,0.11999710000000001,"Bitcoin Up or Down - March 19, 6:30PM-6:35PM ET"
1773959609,2026-03-19 22:33:29,BUY,Up,0.01,8.99978,0.0899978,"Bitcoin Up or Down - March 19, 6:30PM-6:35PM ET"
1773959609,2026-03-19 22:33:29,BUY,Up,0.01,9.99976,0.0999976,"Bitcoin Up or Down - March 19, 6:30PM-6:35PM ET"
1773959611,2026-03-19 22:33:31,BUY,Up,0.01,11.99971,0.11999710000000001,"Bitcoin Up or Down - March 19, 6:30PM-6:35PM ET"
1773959611,2026-03-19 22:33:31,BUY,Up,0.01,9.99976,0.0999976,"Bitcoin Up or Down - March 19, 6:30PM-6:35PM ET"
1773959615,2026-03-19 22:33:35,BUY,Up,0.01,9.99976,0.0999976,"Bitcoin Up or Down - March 19, 6:30PM-6:35PM ET"
1773959615,2026-03-19 22:33:35,BUY,Up,0.01,9.99976,0.0999976,"Bitcoin Up or Down - March 19, 6:30PM-6:35PM ET"
1773959623,2026-03-19 22:33:43,BUY,Up,0.01,8.99978,0.0899978,"Bitcoin Up or Down - March 19, 6:30PM-6:35PM ET"
1773959629,2026-03-19 22:33:49,BUY,Up,0.01,8.99978,0.0899978,"Bitcoin Up or Down - March 19, 6:30PM-6:35PM ET"
1773959629,2026-03-19 22:33:49,BUY,Up,0.01,12.99969,0.1299969,"Bitcoin Up or Down - March 19, 6:30PM-6:35PM ET"
1773959633,2026-03-19 22:33:53,BUY,Up,0.01,9.99976,0.0999976,"Bitcoin Up or Down - March 19, 6:30PM-6:35PM ET"
1773959637,2026-03-19 22:33:57,BUY,Up,0.01,8.99978,0.0899978,"Bitcoin Up or Down - March 19, 6:30PM-6:35PM ET"
1773959637,2026-03-19 22:33:57,BUY,Up,0.01,17.99956,0.1799956,"Bitcoin Up or Down - March 19, 6:30PM-6:35PM ET"
1773959637,2026-03-19 22:33:57,BUY,Up,0.01,8.99978,0.0899978,"Bitcoin Up or Down - March 19, 6:30PM-6:35PM ET"
1773959637,2026-03-19 22:33:57,BUY,Up,0.01,8.99978,0.0899978,"Bitcoin Up or Down - March 19, 6:30PM-6:35PM ET"
1773959655,2026-03-19 22:34:15,BUY,Up,0.01,11.99971,0.11999710000000001,"Bitcoin Up or Down - March 19, 6:30PM-6:35PM ET"
1773959663,2026-03-19 22:34:23,BUY,Up,0.01,11.99971,0.11999710000000001,"Bitcoin Up or Down - March 19, 6:30PM-6:35PM ET"
1773959663,2026-03-19 22:34:23,BUY,Up,0.01,11.99971,0.11999710000000001,"Bitcoin Up or Down - March 19, 6:30PM-6:35PM ET"
1773959669,2026-03-19 22:34:29,BUY,Up,0.01,14.99964,0.1499964,"Bitcoin Up or Down - March 19, 6:30PM-6:35PM ET"
1773959671,2026-03-19 22:34:31,,,0.0,45.40445,0.0,"Bitcoin Up or Down - March 19, 6:15PM-6:20PM ET"
1773959687,2026-03-19 22:34:47,BUY,Up,0.01,11.99971,0.11999710000000001,"Bitcoin Up or Down - March 19, 6:30PM-6:35PM ET"
1773959705,2026-03-19 22:35:05,SELL,Down,0.43,12.0,5.16,"Bitcoin Up or Down - March 19, 6:35PM-6:40PM ET"
1773959705,2026-03-19 22:35:05,SELL,Down,0.43,12.0,5.16,"Bitcoin Up or Down - March 19, 6:35PM-6:40PM ET"
1773959705,2026-03-19 22:35:05,SELL,Up,0.53,5.0,2.6500000000000004,"Bitcoin Up or Down - March 19, 6:35PM-6:40PM ET"
1773959707,2026-03-19 22:35:07,BUY,Down,0.46,12.79947,5.8877562,"Bitcoin Up or Down - March 19, 6:35PM-6:40PM ET"
1773959709,2026-03-19 22:35:09,SELL,Up,0.5,18.0,9.0,"Bitcoin Up or Down - March 19, 6:35PM-6:40PM ET"
1773959709,2026-03-19 22:35:09,SELL,Up,0.51,14.0,7.140000000000001,"Bitcoin Up or Down - March 19, 6:35PM-6:40PM ET"
1773959715,2026-03-19 22:35:15,SELL,Up,0.45,16.0,7.2,"Bitcoin Up or Down - March 19, 6:35PM-6:40PM ET"
1773959715,2026-03-19 22:35:15,SELL,Up,0.45,12.0,5.4,"Bitcoin Up or Down - March 19, 6:35PM-6:40PM ET"
1773959719,2026-03-19 22:35:19,,,0.5,700.0,350.0,"Bitcoin Up or Down - March 19, 6:45PM-6:50PM ET"
1773959719,2026-03-19 22:35:19,SELL,Up,0.41,15.0,6.1499999999999995,"Bitcoin Up or Down - March 19, 6:35PM-6:40PM ET"
1773959721,2026-03-19 22:35:21,SELL,Up,0.36,12.0,4.32,"Bitcoin Up or Down - March 19, 6:35PM-6:40PM ET"
1773959721,2026-03-19 22:35:21,SELL,Up,0.36,12.0,4.32,"Bitcoin Up or Down - March 19, 6:35PM-6:40PM ET"
1773959721,2026-03-19 22:35:21,SELL,Up,0.38,12.0,4.5600000000000005,"Bitcoin Up or Down - March 19, 6:35PM-6:40PM ET"
1773959725,2026-03-19 22:35:25,BUY,Up,0.36,12.82748,4.6178928,"Bitcoin Up or Down - March 19, 6:35PM-6:40PM ET"
1773959725,2026-03-19 22:35:25,SELL,Up,0.36,12.0,4.32,"Bitcoin Up or Down - March 19, 6:35PM-6:40PM ET"
1773959725,2026-03-19 22:35:25,SELL,Up,0.36,20.0,7.199999999999999,"Bitcoin Up or Down - March 19, 6:35PM-6:40PM ET"
1773959731,2026-03-19 22:35:31,SELL,Up,0.23,12.0,2.7600000000000002,"Bitcoin Up or Down - March 19, 6:35PM-6:40PM ET"
1773959731,2026-03-19 22:35:31,SELL,Up,0.24641495327102803,107.0,26.3664,"Bitcoin Up or Down - March 19, 6:35PM-6:40PM ET"
1773959731,2026-03-19 22:35:31,SELL,Up,0.24,12.0,2.88,"Bitcoin Up or Down - March 19, 6:35PM-6:40PM ET"
1773959733,2026-03-19 22:35:33,SELL,Up,0.2,12.0,2.4000000000000004,"Bitcoin Up or Down - March 19, 6:35PM-6:40PM ET"
1773959735,2026-03-19 22:35:35,SELL,Up,0.21,13.0,2.73,"Bitcoin Up or Down - March 19, 6:35PM-6:40PM ET"
1773959735,2026-03-19 22:35:35,SELL,Up,0.21,15.0,3.15,"Bitcoin Up or Down - March 19, 6:35PM-6:40PM ET"
1773959737,2026-03-19 22:35:37,BUY,Up,0.22,11.91167,2.6205674,"Bitcoin Up or Down - March 19, 6:35PM-6:40PM ET"
1773959737,2026-03-19 22:35:37,SELL,Up,0.21,12.0,2.52,"Bitcoin Up or Down - March 19, 6:35PM-6:40PM ET"
1773959741,2026-03-19 22:35:41,BUY,Up,0.25,14.86817,3.7170425,"Bitcoin Up or Down - March 19, 6:35PM-6:40PM ET"
1773959741,2026-03-19 22:35:41,BUY,Up,0.25,11.89454,2.973635,"Bitcoin Up or Down - March 19, 6:35PM-6:40PM ET"
1773959743,2026-03-19 22:35:43,SELL,Up,0.22,13.0,2.86,"Bitcoin Up or Down - March 19, 6:35PM-6:40PM ET"
1773959745,2026-03-19 22:35:45,SELL,Up,0.2,12.0,2.4000000000000004,"Bitcoin Up or Down - March 19, 6:35PM-6:40PM ET"
1773959749,2026-03-19 22:35:49,BUY,Up,0.23,14.88239,3.4229496999999998,"Bitcoin Up or Down - March 19, 6:35PM-6:40PM ET"
1773959749,2026-03-19 22:35:49,BUY,Up,0.22,11.91167,2.6205674,"Bitcoin Up or Down - March 19, 6:35PM-6:40PM ET"
1773959749,2026-03-19 22:35:49,SELL,Up,0.21,13.0,2.73,"Bitcoin Up or Down - March 19, 6:35PM-6:40PM ET"
1773959749,2026-03-19 22:35:49,SELL,Up,0.21,18.0,3.78,"Bitcoin Up or Down - March 19, 6:35PM-6:40PM ET"
1773959751,2026-03-19 22:35:51,BUY,Up,0.22,11.91167,2.6205674,"Bitcoin Up or Down - March 19, 6:35PM-6:40PM ET"
1773959753,2026-03-19 22:35:53,SELL,Up,0.19,15.0,2.85,"Bitcoin Up or Down - March 19, 6:35PM-6:40PM ET"
1773959755,2026-03-19 22:35:55,SELL,Up,0.19,9.0,1.71,"Bitcoin Up or Down - March 19, 6:35PM-6:40PM ET"
1773959755,2026-03-19 22:35:55,SELL,Up,0.19,14.0,2.66,"Bitcoin Up or Down - March 19, 6:35PM-6:40PM ET"
1773959755,2026-03-19 22:35:55,SELL,Up,0.19,12.0,2.2800000000000002,"Bitcoin Up or Down - March 19, 6:35PM-6:40PM ET"
1773959757,2026-03-19 22:35:57,SELL,Up,0.16,12.0,1.92,"Bitcoin Up or Down - March 19, 6:35PM-6:40PM ET"
1773959757,2026-03-19 22:35:57,BUY,Up,0.19,11.92895,2.2665005000000003,"Bitcoin Up or Down - March 19, 6:35PM-6:40PM ET"
1773959759,2026-03-19 22:35:59,BUY,Up,0.19,12.92303,2.4553757000000003,"Bitcoin Up or Down - March 19, 6:35PM-6:40PM ET"
1773959759,2026-03-19 22:35:59,BUY,Up,0.21,14.89679,3.1283258999999997,"Bitcoin Up or Down - March 19, 6:35PM-6:40PM ET"
1773959759,2026-03-19 22:35:59,BUY,Up,0.21,11.91744,2.5026623999999997,"Bitcoin Up or Down - March 19, 6:35PM-6:40PM ET"
1773959759,2026-03-19 22:35:59,BUY,Up,0.19,12.92303,2.4553757000000003,"Bitcoin Up or Down - March 19, 6:35PM-6:40PM ET"
1773959759,2026-03-19 22:35:59,SELL,Up,0.18,13.0,2.34,"Bitcoin Up or Down - March 19, 6:35PM-6:40PM ET"
1773959771,2026-03-19 22:36:11,SELL,Up,0.11402790697674418,86.0,9.8064,"Bitcoin Up or Down - March 19, 6:35PM-6:40PM ET"
1773959771,2026-03-19 22:36:11,BUY,Up,0.16,15.92775,2.54844,"Bitcoin Up or Down - March 19, 6:35PM-6:40PM ET"
1773959771,2026-03-19 22:36:11,SELL,Up,0.1312,72.0,9.4464,"Bitcoin Up or Down - March 19, 6:35PM-6:40PM ET"
1773959775,2026-03-19 22:36:15,BUY,Up,0.12666666666666668,14.95412,1.8941885333333335,"Bitcoin Up or Down - March 19, 6:35PM-6:40PM ET"
1773959777,2026-03-19 22:36:17,BUY,Up,0.10301176470588236,16.96372,1.7474627331764705,"Bitcoin Up or Down - March 19, 6:35PM-6:40PM ET"
1773959777,2026-03-19 22:36:17,BUY,Up,0.09,14.97485,1.3477365,"Bitcoin Up or Down - March 19, 6:35PM-6:40PM ET"
1773959777,2026-03-19 22:36:17,BUY,Up,0.1,31.9352,3.19352,"Bitcoin Up or Down - March 19, 6:35PM-6:40PM ET"
1773959777,2026-03-19 22:36:17,SELL,Up,0.09,88.0,7.92,"Bitcoin Up or Down - March 19, 6:35PM-6:40PM ET"
1773959777,2026-03-19 22:36:17,SELL,Up,0.0933909090909091,66.0,6.1638,"Bitcoin Up or Down - March 19, 6:35PM-6:40PM ET"
1773959779,2026-03-19 22:36:19,BUY,Up,0.1,15.9676,1.59676,"Bitcoin Up or Down - March 19, 6:35PM-6:40PM ET"
1773959779,2026-03-19 22:36:19,BUY,Up,0.1,14.96963,1.496963,"Bitcoin Up or Down - March 19, 6:35PM-6:40PM ET"
1773959779,2026-03-19 22:36:19,BUY,Up,0.09,14.97485,1.3477365,"Bitcoin Up or Down - March 19, 6:35PM-6:40PM ET"
1773959779,2026-03-19 22:36:19,SELL,Up,0.07,31.0,2.1700000000000004,"Bitcoin Up or Down - March 19, 6:35PM-6:40PM ET"
1773959783,2026-03-19 22:36:23,SELL,Up,0.08,15.0,1.2,"Bitcoin Up or Down - March 19, 6:35PM-6:40PM ET"
1773959787,2026-03-19 22:36:27,SELL,Up,0.06,15.0,0.8999999999999999,"Bitcoin Up or Down - March 19, 6:35PM-6:40PM ET"
1773959787,2026-03-19 22:36:27,BUY,Up,0.07,44.95233,3.1466631000000005,"Bitcoin Up or Down - March 19, 6:35PM-6:40PM ET"
1773959787,2026-03-19 22:36:27,SELL,Up,0.06,15.0,0.8999999999999999,"Bitcoin Up or Down - March 19, 6:35PM-6:40PM ET"
1773959787,2026-03-19 22:36:27,SELL,Up,0.06,15.0,0.8999999999999999,"Bitcoin Up or Down - March 19, 6:35PM-6:40PM ET"
1773959787,2026-03-19 22:36:27,SELL,Up,0.07,16.0,1.12,"Bitcoin Up or Down - March 19, 6:35PM-6:40PM ET"
1773959787,2026-03-19 22:36:27,SELL,Up,0.06,16.0,0.96,"Bitcoin Up or Down - March 19, 6:35PM-6:40PM ET"
1773959795,2026-03-19 22:36:35,,,0.0,700.0,0.0,"Bitcoin Up or Down - March 19, 6:30PM-6:35PM ET"
1773959799,2026-03-19 22:36:39,BUY,Up,0.05,16.99042,0.8495210000000001,"Bitcoin Up or Down - March 19, 6:35PM-6:40PM ET"
1773959853,2026-03-19 22:37:33,BUY,Up,0.02,14.99856,0.2999712,"Bitcoin Up or Down - March 19, 6:35PM-6:40PM ET"
1773959853,2026-03-19 22:37:33,BUY,Up,0.02,22.9978,0.45995600000000003,"Bitcoin Up or Down - March 19, 6:35PM-6:40PM ET"
1773959855,2026-03-19 22:37:35,BUY,Up,0.03,14.99683,0.44990489999999994,"Bitcoin Up or Down - March 19, 6:35PM-6:40PM ET"
1773959855,2026-03-19 22:37:35,BUY,Up,0.02,14.99856,0.2999712,"Bitcoin Up or Down - March 19, 6:35PM-6:40PM ET"
1773959859,2026-03-19 22:37:39,SELL,Up,0.02,15.0,0.3,"Bitcoin Up or Down - March 19, 6:35PM-6:40PM ET"
1773959863,2026-03-19 22:37:43,SELL,Up,0.02,15.0,0.3,"Bitcoin Up or Down - March 19, 6:35PM-6:40PM ET"
1773959863,2026-03-19 22:37:43,SELL,Up,0.02,18.0,0.36,"Bitcoin Up or Down - March 19, 6:35PM-6:40PM ET"
1773959925,2026-03-19 22:38:45,,,0.0,613.29975,0.0,"Bitcoin Up or Down - March 19, 6:25PM-6:30PM ET"
1773959927,2026-03-19 22:38:47,BUY,Up,0.009,17.99965,0.16199684999999997,"Bitcoin Up or Down - March 19, 6:35PM-6:40PM ET"
1773959929,2026-03-19 22:38:49,BUY,Up,0.009,17.99965,0.16199684999999997,"Bitcoin Up or Down - March 19, 6:35PM-6:40PM ET"
1773959945,2026-03-19 22:39:05,BUY,Up,0.009,18.99963,0.17099667,"Bitcoin Up or Down - March 19, 6:35PM-6:40PM ET"
1773959949,2026-03-19 22:39:09,BUY,Up,0.009,17.99965,0.16199684999999997,"Bitcoin Up or Down - March 19, 6:35PM-6:40PM ET"
1773959951,2026-03-19 22:39:11,BUY,Up,0.009,17.99965,0.16199684999999997,"Bitcoin Up or Down - March 19, 6:35PM-6:40PM ET"
1773959973,2026-03-19 22:39:33,BUY,Up,0.001,18.0,0.018000000000000002,"Bitcoin Up or Down - March 19, 6:35PM-6:40PM ET"
1773959977,2026-03-19 22:39:37,BUY,Up,0.001,18.0,0.018000000000000002,"Bitcoin Up or Down - March 19, 6:35PM-6:40PM ET"
1773959981,2026-03-19 22:39:41,BUY,Up,0.001,19.0,0.019,"Bitcoin Up or Down - March 19, 6:35PM-6:40PM ET"
1773959987,2026-03-19 22:39:47,BUY,Up,0.001,18.0,0.018000000000000002,"Bitcoin Up or Down - March 19, 6:35PM-6:40PM ET"
1773959987,2026-03-19 22:39:47,BUY,Up,0.001,18.0,0.018000000000000002,"Bitcoin Up or Down - March 19, 6:35PM-6:40PM ET"
1773960005,2026-03-19 22:40:05,SELL,Up,0.5,5.0,2.5,"Bitcoin Up or Down - March 19, 6:40PM-6:45PM ET"
1773960007,2026-03-19 22:40:07,SELL,Up,0.5,25.0,12.5,"Bitcoin Up or Down - March 19, 6:40PM-6:45PM ET"
1773960007,2026-03-19 22:40:07,SELL,Up,0.5,19.0,9.5,"Bitcoin Up or Down - March 19, 6:40PM-6:45PM ET"
1773960023,2026-03-19 22:40:23,SELL,Up,0.39211666666666667,18.0,7.0581,"Bitcoin Up or Down - March 19, 6:40PM-6:45PM ET"
1773960023,2026-03-19 22:40:23,SELL,Up,0.4052222222222222,18.0,7.294,"Bitcoin Up or Down - March 19, 6:40PM-6:45PM ET"
1773960023,2026-03-19 22:40:23,SELL,Up,0.41,18.0,7.38,"Bitcoin Up or Down - March 19, 6:40PM-6:45PM ET"
1773960025,2026-03-19 22:40:25,SELL,Up,0.36,20.0,7.199999999999999,"Bitcoin Up or Down - March 19, 6:40PM-6:45PM ET"
1773960029,2026-03-19 22:40:29,SELL,Up,0.3,18.0,5.3999999999999995,"Bitcoin Up or Down - March 19, 6:40PM-6:45PM ET"
1773960029,2026-03-19 22:40:29,SELL,Up,0.33,18.0,5.94,"Bitcoin Up or Down - March 19, 6:40PM-6:45PM ET"
1773960029,2026-03-19 22:40:29,SELL,Up,0.33,19.0,6.2700000000000005,"Bitcoin Up or Down - March 19, 6:40PM-6:45PM ET"
1773960031,2026-03-19 22:40:31,SELL,Up,0.26,24.0,6.24,"Bitcoin Up or Down - March 19, 6:40PM-6:45PM ET"
1773960031,2026-03-19 22:40:31,SELL,Up,0.26,18.0,4.68,"Bitcoin Up or Down - March 19, 6:40PM-6:45PM ET"
1773960039,2026-03-19 22:40:39,BUY,Up,0.23,17.85887,4.1075401000000005,"Bitcoin Up or Down - March 19, 6:40PM-6:45PM ET"
1773960039,2026-03-19 22:40:39,,,0.5,700.0,350.0,"Bitcoin Up or Down - March 19, 6:50PM-6:55PM ET"
1773960039,2026-03-19 22:40:39,SELL,Up,0.23,38.0,8.74,"Bitcoin Up or Down - March 19, 6:40PM-6:45PM ET"
1773960039,2026-03-19 22:40:39,SELL,Up,0.22,19.0,4.18,"Bitcoin Up or Down - March 19, 6:40PM-6:45PM ET"
1773960045,2026-03-19 22:40:45,BUY,Up,0.26,18.82417,4.8942841999999995,"Bitcoin Up or Down - March 19, 6:40PM-6:45PM ET"
1773960049,2026-03-19 22:40:49,,,0.0,362.39728,0.0,"Bitcoin Up or Down - March 19, 6:35PM-6:40PM ET"
1773960053,2026-03-19 22:40:53,BUY,Up,0.27,20.79605,5.6149335,"Bitcoin Up or Down - March 19, 6:40PM-6:45PM ET"
1773960063,2026-03-19 22:41:03,BUY,Up,0.33,17.78002,5.867406600000001,"Bitcoin Up or Down - March 19, 6:40PM-6:45PM ET"
1773960063,2026-03-19 22:41:03,BUY,Up,0.31,17.79412,5.5161772,"Bitcoin Up or Down - March 19, 6:40PM-6:45PM ET"
1773960063,2026-03-19 22:41:03,BUY,Up,0.31,19.77124,6.1290844,"Bitcoin Up or Down - March 19, 6:40PM-6:45PM ET"
1773960067,2026-03-19 22:41:07,BUY,Up,0.34,17.77341,6.0429594,"Bitcoin Up or Down - March 19, 6:40PM-6:45PM ET"
1773960069,2026-03-19 22:41:09,BUY,Up,0.37,18.74191,6.9345067,"Bitcoin Up or Down - March 19, 6:40PM-6:45PM ET"
1773960071,2026-03-19 22:41:11,BUY,Up,0.38,17.75022,6.745083599999999,"Bitcoin Up or Down - March 19, 6:40PM-6:45PM ET"
1773960073,2026-03-19 22:41:13,BUY,Up,0.4,17.7408,7.09632,"Bitcoin Up or Down - March 19, 6:40PM-6:45PM ET"
1773960077,2026-03-19 22:41:17,BUY,Up,0.44,17.7268,7.799792,"Bitcoin Up or Down - March 19, 6:40PM-6:45PM ET"
1773960091,2026-03-19 22:41:31,BUY,Up,0.46,19.69149,9.058085400000001,"Bitcoin Up or Down - March 19, 6:40PM-6:45PM ET"
1773960127,2026-03-19 22:42:07,SELL,Up,0.33,18.0,5.94,"Bitcoin Up or Down - March 19, 6:40PM-6:45PM ET"
1773960127,2026-03-19 22:42:07,BUY,Up,0.44,17.7268,7.799792,"Bitcoin Up or Down - March 19, 6:40PM-6:45PM ET"
1773960127,2026-03-19 22:42:07,SELL,Up,0.36,20.0,7.199999999999999,"Bitcoin Up or Down - March 19, 6:40PM-6:45PM ET"
1773960165,2026-03-19 22:42:45,BUY,Up,0.44,17.7268,7.799792,"Bitcoin Up or Down - March 19, 6:40PM-6:45PM ET"
1773960165,2026-03-19 22:42:45,BUY,Up,0.43878333333333336,17.72712,7.778364804,"Bitcoin Up or Down - March 19, 6:40PM-6:45PM ET"
1773960173,2026-03-19 22:42:53,,,0.0,326.40219,0.0,"Bitcoin Up or Down - March 19, 6:35PM-6:40PM ET"
1773960179,2026-03-19 22:42:59,BUY,Up,0.5,17.71875,8.859375,"Bitcoin Up or Down - March 19, 6:40PM-6:45PM ET"
1773960179,2026-03-19 22:42:59,SELL,Down,0.48,28.0,13.44,"Bitcoin Up or Down - March 19, 6:40PM-6:45PM ET"
1773960181,2026-03-19 22:43:01,SELL,Up,0.47,18.0,8.459999999999999,"Bitcoin Up or Down - March 19, 6:40PM-6:45PM ET"
1773960191,2026-03-19 22:43:11,SELL,Down,0.4,18.0,7.2,"Bitcoin Up or Down - March 19, 6:40PM-6:45PM ET"
1773960191,2026-03-19 22:43:11,SELL,Down,0.42,18.0,7.56,"Bitcoin Up or Down - March 19, 6:40PM-6:45PM ET"
1773960195,2026-03-19 22:43:15,SELL,Down,0.3,18.0,5.3999999999999995,"Bitcoin Up or Down - March 19, 6:40PM-6:45PM ET"
1773960195,2026-03-19 22:43:15,SELL,Down,0.34,18.0,6.12,"Bitcoin Up or Down - March 19, 6:40PM-6:45PM ET"
1773960199,2026-03-19 22:43:19,SELL,Down,0.27,18.0,4.86,"Bitcoin Up or Down - March 19, 6:40PM-6:45PM ET"
1773960201,2026-03-19 22:43:21,SELL,Down,0.23,18.0,4.140000000000001,"Bitcoin Up or Down - March 19, 6:40PM-6:45PM ET"
1773960203,2026-03-19 22:43:23,SELL,Down,0.20754444444444445,18.0,3.7358000000000002,"Bitcoin Up or Down - March 19, 6:40PM-6:45PM ET"
1773960207,2026-03-19 22:43:27,BUY,Down,0.29,17.80923,5.164676699999999,"Bitcoin Up or Down - March 19, 6:40PM-6:45PM ET"
1773960233,2026-03-19 22:43:53,SELL,Down,0.13,22.0,2.8600000000000003,"Bitcoin Up or Down - March 19, 6:40PM-6:45PM ET"
1773960235,2026-03-19 22:43:55,SELL,Down,0.08923809523809524,21.0,1.874,"Bitcoin Up or Down - March 19, 6:40PM-6:45PM ET"
1773960245,2026-03-19 22:44:05,BUY,Down,0.2,17.8848,3.5769599999999997,"Bitcoin Up or Down - March 19, 6:40PM-6:45PM ET"
1773960245,2026-03-19 22:44:05,BUY,Down,0.21,17.87615,3.7539914999999997,"Bitcoin Up or Down - March 19, 6:40PM-6:45PM ET"
1773960245,2026-03-19 22:44:05,BUY,Down,0.15,17.92685,2.6890275000000003,"Bitcoin Up or Down - March 19, 6:40PM-6:45PM ET"
1773960247,2026-03-19 22:44:07,BUY,Down,0.26,22.78715,5.924659,"Bitcoin Up or Down - March 19, 6:40PM-6:45PM ET"
1773960257,2026-03-19 22:44:17,BUY,Down,0.31,17.79412,5.5161772,"Bitcoin Up or Down - March 19, 6:40PM-6:45PM ET"
1773960257,2026-03-19 22:44:17,BUY,Down,0.3,21.75745,6.527234999999999,"Bitcoin Up or Down - March 19, 6:40PM-6:45PM ET"
1773960267,2026-03-19 22:44:27,BUY,Down,0.39,17.74532,6.9206748000000005,"Bitcoin Up or Down - March 19, 6:40PM-6:45PM ET"
1773960273,2026-03-19 22:44:33,BUY,Down,0.27,17.82519,4.8128013,"Bitcoin Up or Down - March 19, 6:40PM-6:45PM ET"
1773960273,2026-03-19 22:44:33,SELL,Down,0.21,19.0,3.9899999999999998,"Bitcoin Up or Down - March 19, 6:40PM-6:45PM ET"
1773960273,2026-03-19 22:44:33,SELL,Down,0.21,18.0,3.78,"Bitcoin Up or Down - March 19, 6:40PM-6:45PM ET"
1773960285,2026-03-19 22:44:45,SELL,Down,0.12,18.0,2.16,"Bitcoin Up or Down - March 19, 6:40PM-6:45PM ET"
1773960291,2026-03-19 22:44:51,SELL,Down,0.02,18.0,0.36,"Bitcoin Up or Down - March 19, 6:40PM-6:45PM ET"
1773960299,2026-03-19 22:44:59,,,0.0,73.51543,0.0,"Bitcoin Up or Down - March 19, 6:25PM-6:30PM ET"
1773960305,2026-03-19 22:45:05,SELL,Up,0.54,49.0,26.46,"Bitcoin Up or Down - March 19, 6:45PM-6:50PM ET"
1773960321,2026-03-19 22:45:21,SELL,Up,0.42,21.0,8.82,"Bitcoin Up or Down - March 19, 6:45PM-6:50PM ET"
1773960333,2026-03-19 22:45:33,BUY,Up,0.56,22.65091,12.6845096,"Bitcoin Up or Down - March 19, 6:45PM-6:50PM ET"
1773960333,2026-03-19 22:45:33,BUY,Up,0.56,22.65091,12.6845096,"Bitcoin Up or Down - March 19, 6:45PM-6:50PM ET"
1773960333,2026-03-19 22:45:33,BUY,Up,0.5578428571428572,20.6806,11.536524991428571,"Bitcoin Up or Down - March 19, 6:45PM-6:50PM ET"
1773960341,2026-03-19 22:45:41,BUY,Up,0.5539857142857143,20.67949,11.456142038714287,"Bitcoin Up or Down - March 19, 6:45PM-6:50PM ET"
1773960341,2026-03-19 22:45:41,SELL,Up,0.54,20.99,11.3346,"Bitcoin Up or Down - March 19, 6:45PM-6:50PM ET"
1773960343,2026-03-19 22:45:43,SELL,Up,0.49,24.0,11.76,"Bitcoin Up or Down - March 19, 6:45PM-6:50PM ET"
1773960349,2026-03-19 22:45:49,SELL,Up,0.41,23.0,9.43,"Bitcoin Up or Down - March 19, 6:45PM-6:50PM ET"
1773960349,2026-03-19 22:45:49,SELL,Up,0.41,47.0,19.27,"Bitcoin Up or Down - March 19, 6:45PM-6:50PM ET"
1773960357,2026-03-19 22:45:57,SELL,Up,0.36,21.0,7.56,"Bitcoin Up or Down - March 19, 6:45PM-6:50PM ET"
1773960361,2026-03-19 22:46:01,,,0.5,700.0,350.0,"Bitcoin Up or Down - March 19, 6:55PM-7:00PM ET"
1773960375,2026-03-19 22:46:15,SELL,Up,0.31,23.0,7.13,"Bitcoin Up or Down - March 19, 6:45PM-6:50PM ET"
1773960383,2026-03-19 22:46:23,BUY,Up,0.43,20.68462,8.894386599999999,"Bitcoin Up or Down - March 19, 6:45PM-6:50PM ET"
1773960383,2026-03-19 22:46:23,BUY,Up,0.37,20.71474,7.6644537999999995,"Bitcoin Up or Down - March 19, 6:45PM-6:50PM ET"
1773960397,2026-03-19 22:46:37,SELL,Up,0.31285714285714283,21.0,6.569999999999999,"Bitcoin Up or Down - March 19, 6:45PM-6:50PM ET"
1773960403,2026-03-19 22:46:43,SELL,Up,0.3,21.0,6.3,"Bitcoin Up or Down - March 19, 6:45PM-6:50PM ET"
1773960403,2026-03-19 22:46:43,SELL,Up,0.28,21.0,5.880000000000001,"Bitcoin Up or Down - March 19, 6:45PM-6:50PM ET"
1773960405,2026-03-19 22:46:45,SELL,Up,0.24,27.0,6.4799999999999995,"Bitcoin Up or Down - March 19, 6:45PM-6:50PM ET"
1773960417,2026-03-19 22:46:57,BUY,Up,0.28,22.76631,6.374566800000001,"Bitcoin Up or Down - March 19, 6:45PM-6:50PM ET"
1773960421,2026-03-19 22:47:01,,,0.0,599.40626,0.0,"Bitcoin Up or Down - March 19, 6:40PM-6:45PM ET"
1773960463,2026-03-19 22:47:43,BUY,Up,0.25,21.80665,5.4516625,"Bitcoin Up or Down - March 19, 6:45PM-6:50PM ET"
1773960473,2026-03-19 22:47:53,BUY,Up,0.29,21.76683,6.312380699999999,"Bitcoin Up or Down - March 19, 6:45PM-6:50PM ET"
1773960475,2026-03-19 22:47:55,SELL,Up,0.17,21.0,3.5700000000000003,"Bitcoin Up or Down - March 19, 6:45PM-6:50PM ET"
1773960475,2026-03-19 22:47:55,SELL,Up,0.2084,22.0,4.5848,"Bitcoin Up or Down - March 19, 6:45PM-6:50PM ET"
1773960491,2026-03-19 22:48:11,BUY,Up,0.25,21.80665,5.4516625,"Bitcoin Up or Down - March 19, 6:45PM-6:50PM ET"
1773960495,2026-03-19 22:48:15,BUY,Up,0.28,20.78663,5.8202564,"Bitcoin Up or Down - March 19, 6:45PM-6:50PM ET"
1773960499,2026-03-19 22:48:19,BUY,Up,0.3,22.74643,6.823929,"Bitcoin Up or Down - March 19, 6:45PM-6:50PM ET"
1773960513,2026-03-19 22:48:33,BUY,Up,0.37,20.71474,7.6644537999999995,"Bitcoin Up or Down - March 19, 6:45PM-6:50PM ET"
1773960523,2026-03-19 22:48:43,BUY,Up,0.49,21.65653,10.611699699999999,"Bitcoin Up or Down - March 19, 6:45PM-6:50PM ET"
1773960523,2026-03-19 22:48:43,BUY,Up,0.42263809523809526,20.6874,8.743283331428572,"Bitcoin Up or Down - March 19, 6:45PM-6:50PM ET"
1773960561,2026-03-19 22:49:21,SELL,Down,0.33,20.0,6.6000000000000005,"Bitcoin Up or Down - March 19, 6:45PM-6:50PM ET"
1773960561,2026-03-19 22:49:21,BUY,Up,0.63,17.75549,11.1859587,"Bitcoin Up or Down - March 19, 6:45PM-6:50PM ET"
1773960563,2026-03-19 22:49:23,SELL,Up,0.43,21.0,9.03,"Bitcoin Up or Down - March 19, 6:45PM-6:50PM ET"
1773960565,2026-03-19 22:49:25,SELL,Up,0.37,21.0,7.77,"Bitcoin Up or Down - March 19, 6:45PM-6:50PM ET"
1773960577,2026-03-19 22:49:37,BUY,Up,0.5032631578947369,18.70316,9.412611364210527,"Bitcoin Up or Down - March 19, 6:45PM-6:50PM ET"
1773960583,2026-03-19 22:49:43,SELL,Down,0.3,21.0,6.3,"Bitcoin Up or Down - March 19, 6:45PM-6:50PM ET"
1773960591,2026-03-19 22:49:51,SELL,Down,0.2,18.0,3.6,"Bitcoin Up or Down - March 19, 6:45PM-6:50PM ET"
1773960597,2026-03-19 22:49:57,SELL,Down,0.02,18.0,0.36,"Bitcoin Up or Down - March 19, 6:45PM-6:50PM ET"
1773960597,2026-03-19 22:49:57,SELL,Down,0.02,18.0,0.36,"Bitcoin Up or Down - March 19, 6:45PM-6:50PM ET"
1773960599,2026-03-19 22:49:59,SELL,Down,0.02,20.0,0.4,"Bitcoin Up or Down - March 19, 6:45PM-6:50PM ET"
1773960599,2026-03-19 22:49:59,SELL,Down,0.02,18.0,0.36,"Bitcoin Up or Down - March 19, 6:45PM-6:50PM ET"
1773960605,2026-03-19 22:50:05,SELL,Down,0.44,28.0,12.32,"Bitcoin Up or Down - March 19, 6:50PM-6:55PM ET"
1773960607,2026-03-19 22:50:07,BUY,Down,0.46,18.70692,8.6051832,"Bitcoin Up or Down - March 19, 6:50PM-6:55PM ET"
1773960617,2026-03-19 22:50:17,,,0.0,60.74231,0.0,"Bitcoin Up or Down - March 19, 6:40PM-6:45PM ET"
1773960619,2026-03-19 22:50:19,SELL,Down,0.4,21.0,8.4,"Bitcoin Up or Down - March 19, 6:50PM-6:55PM ET"
1773960621,2026-03-19 22:50:21,,,0.5,700.0,350.0,"Bitcoin Up or Down - March 19, 7:00PM-7:05PM ET"
1773960641,2026-03-19 22:50:41,SELL,Down,0.35,24.0,8.399999999999999,"Bitcoin Up or Down - March 19, 6:50PM-6:55PM ET"
1773960647,2026-03-19 22:50:47,SELL,Down,0.3,18.0,5.3999999999999995,"Bitcoin Up or Down - March 19, 6:50PM-6:55PM ET"
1773960647,2026-03-19 22:50:47,SELL,Down,0.3,18.0,5.3999999999999995,"Bitcoin Up or Down - March 19, 6:50PM-6:55PM ET"
1773960651,2026-03-19 22:50:51,SELL,Down,0.26,15.0,3.9000000000000004,"Bitcoin Up or Down - March 19, 6:50PM-6:55PM ET"
1773960651,2026-03-19 22:50:51,SELL,Down,0.278125,16.0,4.45,"Bitcoin Up or Down - March 19, 6:50PM-6:55PM ET"
1773960653,2026-03-19 22:50:53,SELL,Down,0.21,15.0,3.15,"Bitcoin Up or Down - March 19, 6:50PM-6:55PM ET"
1773960653,2026-03-19 22:50:53,SELL,Down,0.21,15.0,3.15,"Bitcoin Up or Down - March 19, 6:50PM-6:55PM ET"
1773960653,2026-03-19 22:50:53,SELL,Down,0.23,15.0,3.45,"Bitcoin Up or Down - March 19, 6:50PM-6:55PM ET"
1773960655,2026-03-19 22:50:55,SELL,Down,0.18,15.0,2.6999999999999997,"Bitcoin Up or Down - March 19, 6:50PM-6:55PM ET"
1773960657,2026-03-19 22:50:57,BUY,Down,0.24,20.82534,4.9980816,"Bitcoin Up or Down - March 19, 6:50PM-6:55PM ET"
1773960657,2026-03-19 22:50:57,BUY,Down,0.21,15.88991,3.3368811,"Bitcoin Up or Down - March 19, 6:50PM-6:55PM ET"
1773960659,2026-03-19 22:50:59,BUY,Down,0.3,14.83463,4.450389,"Bitcoin Up or Down - March 19, 6:50PM-6:55PM ET"
1773960659,2026-03-19 22:50:59,BUY,Down,0.2853333333333333,14.84407,4.235507973333333,"Bitcoin Up or Down - March 19, 6:50PM-6:55PM ET"
1773960661,2026-03-19 22:51:01,BUY,Down,0.31,18.78268,5.8226308,"Bitcoin Up or Down - March 19, 6:50PM-6:55PM ET"
1773960673,2026-03-19 22:51:13,SELL,Down,0.27,16.0,4.32,"Bitcoin Up or Down - March 19, 6:50PM-6:55PM ET"
1773960675,2026-03-19 22:51:15,BUY,Down,0.4,14.784,5.913600000000001,"Bitcoin Up or Down - March 19, 6:50PM-6:55PM ET"
1773960675,2026-03-19 22:51:15,BUY,Down,0.37,15.78266,5.8395842,"Bitcoin Up or Down - March 19, 6:50PM-6:55PM ET"
1773960675,2026-03-19 22:51:15,BUY,Down,0.32,14.82244,4.7431808,"Bitcoin Up or Down - March 19, 6:50PM-6:55PM ET"
1773960677,2026-03-19 22:51:17,BUY,Down,0.41,14.78057,6.0600337,"Bitcoin Up or Down - March 19, 6:50PM-6:55PM ET"
1773960683,2026-03-19 22:51:23,SELL,Down,0.32,16.0,5.12,"Bitcoin Up or Down - March 19, 6:50PM-6:55PM ET"
1773960683,2026-03-19 22:51:23,SELL,Down,0.32,15.0,4.8,"Bitcoin Up or Down - March 19, 6:50PM-6:55PM ET"
1773960695,2026-03-19 22:51:35,SELL,Down,0.239775,16.0,3.8364,"Bitcoin Up or Down - March 19, 6:50PM-6:55PM ET"
1773960695,2026-03-19 22:51:35,SELL,Down,0.27,15.0,4.050000000000001,"Bitcoin Up or Down - March 19, 6:50PM-6:55PM ET"
1773960697,2026-03-19 22:51:37,SELL,Down,0.22,22.0,4.84,"Bitcoin Up or Down - March 19, 6:50PM-6:55PM ET"
1773960699,2026-03-19 22:51:39,BUY,Down,0.33,14.81669,4.8895077,"Bitcoin Up or Down - March 19, 6:50PM-6:55PM ET"
1773960699,2026-03-19 22:51:39,BUY,Down,0.31,15.81699,4.9032669,"Bitcoin Up or Down - March 19, 6:50PM-6:55PM ET"
1773960699,2026-03-19 22:51:39,BUY,Down,0.32,14.82244,4.7431808,"Bitcoin Up or Down - March 19, 6:50PM-6:55PM ET"
1773960711,2026-03-19 22:51:51,SELL,Down,0.24,15.0,3.5999999999999996,"Bitcoin Up or Down - March 19, 6:50PM-6:55PM ET"
1773960713,2026-03-19 22:51:53,BUY,Down,0.3341235294117647,16.78963,5.609810433117647,"Bitcoin Up or Down - March 19, 6:50PM-6:55PM ET"
1773960717,2026-03-19 22:51:57,BUY,Down,0.34,14.81117,5.035797800000001,"Bitcoin Up or Down - March 19, 6:50PM-6:55PM ET"
1773960723,2026-03-19 22:52:03,SELL,Down,0.23,15.0,3.45,"Bitcoin Up or Down - March 19, 6:50PM-6:55PM ET"
1773960723,2026-03-19 22:52:03,SELL,Down,0.23,32.0,7.36,"Bitcoin Up or Down - March 19, 6:50PM-6:55PM ET"
1773960735,2026-03-19 22:52:15,BUY,Down,0.32,15.81061,5.0593952,"Bitcoin Up or Down - March 19, 6:50PM-6:55PM ET"
1773960735,2026-03-19 22:52:15,BUY,Down,0.32,14.82244,4.7431808,"Bitcoin Up or Down - March 19, 6:50PM-6:55PM ET"
1773960735,2026-03-19 22:52:15,BUY,Down,0.31,14.82843,4.5968133,"Bitcoin Up or Down - March 19, 6:50PM-6:55PM ET"
1773960739,2026-03-19 22:52:19,,,0.0,567.0,0.0,"Bitcoin Up or Down - March 19, 6:45PM-6:50PM ET"
1773960747,2026-03-19 22:52:27,SELL,Down,0.23,20.0,4.6000000000000005,"Bitcoin Up or Down - March 19, 6:50PM-6:55PM ET"
1773960749,2026-03-19 22:52:29,BUY,Down,0.3445952380952381,20.73221,7.144220841190476,"Bitcoin Up or Down - March 19, 6:50PM-6:55PM ET"
1773960757,2026-03-19 22:52:37,BUY,Down,0.41,14.78057,6.0600337,"Bitcoin Up or Down - March 19, 6:50PM-6:55PM ET"
1773960757,2026-03-19 22:52:37,BUY,Down,0.35,17.7671,6.218484999999999,"Bitcoin Up or Down - March 19, 6:50PM-6:55PM ET"
1773960775,2026-03-19 22:52:55,SELL,Down,0.28,17.0,4.760000000000001,"Bitcoin Up or Down - March 19, 6:50PM-6:55PM ET"
1773960783,2026-03-19 22:53:03,SELL,Down,0.24,16.0,3.84,"Bitcoin Up or Down - March 19, 6:50PM-6:55PM ET"
1773960787,2026-03-19 22:53:07,BUY,Down,0.33,14.81669,4.8895077,"Bitcoin Up or Down - March 19, 6:50PM-6:55PM ET"
1773960797,2026-03-19 22:53:17,BUY,Down,0.37,14.79625,5.4746125,"Bitcoin Up or Down - March 19, 6:50PM-6:55PM ET"
1773960827,2026-03-19 22:53:47,BUY,Down,0.44,14.77233,6.4998252,"Bitcoin Up or Down - March 19, 6:50PM-6:55PM ET"
1773960827,2026-03-19 22:53:47,BUY,Down,0.44,14.77233,6.4998252,"Bitcoin Up or Down - March 19, 6:50PM-6:55PM ET"
1773960829,2026-03-19 22:53:49,SELL,Up,0.5020833333333333,24.0,12.05,"Bitcoin Up or Down - March 19, 6:50PM-6:55PM ET"
1773960847,2026-03-19 22:54:07,SELL,Down,0.3450066666666667,15.0,5.1751000000000005,"Bitcoin Up or Down - March 19, 6:50PM-6:55PM ET"
1773960849,2026-03-19 22:54:09,SELL,Down,0.29,15.0,4.35,"Bitcoin Up or Down - March 19, 6:50PM-6:55PM ET"
1773960849,2026-03-19 22:54:09,SELL,Down,0.29,15.0,4.35,"Bitcoin Up or Down - March 19, 6:50PM-6:55PM ET"
1773960851,2026-03-19 22:54:11,SELL,Down,0.2,18.0,3.6,"Bitcoin Up or Down - March 19, 6:50PM-6:55PM ET"
1773960853,2026-03-19 22:54:13,SELL,Down,0.13,17.0,2.21,"Bitcoin Up or Down - March 19, 6:50PM-6:55PM ET"
1773960853,2026-03-19 22:54:13,SELL,Down,0.09,16.0,1.44,"Bitcoin Up or Down - March 19, 6:50PM-6:55PM ET"
1773960853,2026-03-19 22:54:13,SELL,Down,0.12,18.0,2.16,"Bitcoin Up or Down - March 19, 6:50PM-6:55PM ET"
1773960861,2026-03-19 22:54:21,BUY,Down,0.09,11.97988,1.0781892,"Bitcoin Up or Down - March 19, 6:50PM-6:55PM ET"
1773960861,2026-03-19 22:54:21,SELL,Down,0.07,14.0,0.9800000000000001,"Bitcoin Up or Down - March 19, 6:50PM-6:55PM ET"
1773960861,2026-03-19 22:54:21,SELL,Down,0.07,12.0,0.8400000000000001,"Bitcoin Up or Down - March 19, 6:50PM-6:55PM ET"
1773960871,2026-03-19 22:54:31,SELL,Down,0.03,13.0,0.39,"Bitcoin Up or Down - March 19, 6:50PM-6:55PM ET"
1773960871,2026-03-19 22:54:31,SELL,Down,0.03,13.0,0.39,"Bitcoin Up or Down - March 19, 6:50PM-6:55PM ET"
1773960873,2026-03-19 22:54:33,SELL,Down,0.02,12.0,0.24,"Bitcoin Up or Down - March 19, 6:50PM-6:55PM ET"
1773960873,2026-03-19 22:54:33,SELL,Down,0.02,13.0,0.26,"Bitcoin Up or Down - March 19, 6:50PM-6:55PM ET"
1773960873,2026-03-19 22:54:33,BUY,Down,0.05,12.99267,0.6496335000000001,"Bitcoin Up or Down - March 19, 6:50PM-6:55PM ET"
1773960881,2026-03-19 22:54:41,SELL,Down,0.02,10.55,0.21100000000000002,"Bitcoin Up or Down - March 19, 6:50PM-6:55PM ET"
1773960881,2026-03-19 22:54:41,SELL,Down,0.02,4.45,0.08900000000000001,"Bitcoin Up or Down - March 19, 6:50PM-6:55PM ET"
1773960885,2026-03-19 22:54:45,BUY,Down,0.02,13.99866,0.2799732,"Bitcoin Up or Down - March 19, 6:50PM-6:55PM ET"
1773960889,2026-03-19 22:54:49,BUY,Down,0.01,11.99971,0.11999710000000001,"Bitcoin Up or Down - March 19, 6:50PM-6:55PM ET"
1773960889,2026-03-19 22:54:49,BUY,Down,0.01,38.99905,0.38999049999999996,"Bitcoin Up or Down - March 19, 6:50PM-6:55PM ET"
1773960905,2026-03-19 22:55:05,SELL,Up,0.54,5.0,2.7,"Bitcoin Up or Down - March 19, 6:55PM-7:00PM ET"
1773960907,2026-03-19 22:55:07,SELL,Up,0.5,12.0,6.0,"Bitcoin Up or Down - March 19, 6:55PM-7:00PM ET"
1773960907,2026-03-19 22:55:07,SELL,Up,0.5,28.0,14.0,"Bitcoin Up or Down - March 19, 6:55PM-7:00PM ET"
1773960921,2026-03-19 22:55:21,,,0.0,567.97907,0.0,"Bitcoin Up or Down - March 19, 6:50PM-6:55PM ET"
1773960943,2026-03-19 22:55:43,,,0.5,700.0,350.0,"Bitcoin Up or Down - March 19, 7:05PM-7:10PM ET"
1773960945,2026-03-19 22:55:45,BUY,Up,0.54,11.8149,6.380046,"Bitcoin Up or Down - March 19, 6:55PM-7:00PM ET"
1773960945,2026-03-19 22:55:45,BUY,Up,0.55,11.81624,6.498932000000001,"Bitcoin Up or Down - March 19, 6:55PM-7:00PM ET"
1773960949,2026-03-19 22:55:49,BUY,Up,0.59,12.80983,7.5577996999999995,"Bitcoin Up or Down - March 19, 6:55PM-7:00PM ET"
1773960955,2026-03-19 22:55:55,SELL,Up,0.45,17.0,7.65,"Bitcoin Up or Down - March 19, 6:55PM-7:00PM ET"
1773960957,2026-03-19 22:55:57,SELL,Up,0.42554615384615385,13.0,5.5321,"Bitcoin Up or Down - March 19, 6:55PM-7:00PM ET"
1773960957,2026-03-19 22:55:57,SELL,Up,0.39,25.0,9.75,"Bitcoin Up or Down - March 19, 6:55PM-7:00PM ET"
1773960959,2026-03-19 22:55:59,SELL,Up,0.36,12.0,4.32,"Bitcoin Up or Down - March 19, 6:55PM-7:00PM ET"
1773960959,2026-03-19 22:55:59,SELL,Up,0.37,12.0,4.4399999999999995,"Bitcoin Up or Down - March 19, 6:55PM-7:00PM ET"
1773960959,2026-03-19 22:55:59,SELL,Up,0.36,14.0,5.04,"Bitcoin Up or Down - March 19, 6:55PM-7:00PM ET"
1773960959,2026-03-19 22:55:59,SELL,Up,0.38,12.0,4.5600000000000005,"Bitcoin Up or Down - March 19, 6:55PM-7:00PM ET"
1773960961,2026-03-19 22:56:01,SELL,Up,0.43,13.0,5.59,"Bitcoin Up or Down - March 19, 6:55PM-7:00PM ET"
1773960963,2026-03-19 22:56:03,SELL,Up,0.31,13.0,4.03,"Bitcoin Up or Down - March 19, 6:55PM-7:00PM ET"
1773960963,2026-03-19 22:56:03,SELL,Up,0.33,12.0,3.96,"Bitcoin Up or Down - March 19, 6:55PM-7:00PM ET"
1773960965,2026-03-19 22:56:05,BUY,Up,0.4,11.8272,4.73088,"Bitcoin Up or Down - March 19, 6:55PM-7:00PM ET"
1773960965,2026-03-19 22:56:05,BUY,Up,0.4,15.7696,6.307840000000001,"Bitcoin Up or Down - March 19, 6:55PM-7:00PM ET"
1773960967,2026-03-19 22:56:07,BUY,Up,0.39,13.80192,5.382748800000001,"Bitcoin Up or Down - March 19, 6:55PM-7:00PM ET"
1773960967,2026-03-19 22:56:07,BUY,Up,0.43,11.81978,5.0825054,"Bitcoin Up or Down - March 19, 6:55PM-7:00PM ET"
1773960975,2026-03-19 22:56:15,BUY,Up,0.42,11.82198,4.9652316,"Bitcoin Up or Down - March 19, 6:55PM-7:00PM ET"
1773960979,2026-03-19 22:56:19,SELL,Up,0.39,12.0,4.68,"Bitcoin Up or Down - March 19, 6:55PM-7:00PM ET"
1773960993,2026-03-19 22:56:33,BUY,Up,0.43,16.74469,7.2002166999999995,"Bitcoin Up or Down - March 19, 6:55PM-7:00PM ET"
1773960995,2026-03-19 22:56:35,BUY,Up,0.45,12.80092,5.760414,"Bitcoin Up or Down - March 19, 6:55PM-7:00PM ET"
1773961009,2026-03-19 22:56:49,SELL,Up,0.38,12.0,4.5600000000000005,"Bitcoin Up or Down - March 19, 6:55PM-7:00PM ET"
1773961031,2026-03-19 22:57:11,SELL,Up,0.31,12.0,3.7199999999999998,"Bitcoin Up or Down - March 19, 6:55PM-7:00PM ET"
1773961031,2026-03-19 22:57:11,SELL,Up,0.31,12.0,3.7199999999999998,"Bitcoin Up or Down - March 19, 6:55PM-7:00PM ET"
1773961033,2026-03-19 22:57:13,SELL,Up,0.26,12.0,3.12,"Bitcoin Up or Down - March 19, 6:55PM-7:00PM ET"
1773961033,2026-03-19 22:57:13,SELL,Up,0.27,16.0,4.32,"Bitcoin Up or Down - March 19, 6:55PM-7:00PM ET"
1773961035,2026-03-19 22:57:15,BUY,Up,0.34,11.84894,4.028639600000001,"Bitcoin Up or Down - March 19, 6:55PM-7:00PM ET"
1773961049,2026-03-19 22:57:29,BUY,Up,0.34,11.84894,4.028639600000001,"Bitcoin Up or Down - March 19, 6:55PM-7:00PM ET"
1773961057,2026-03-19 22:57:37,BUY,Up,0.38,11.83348,4.4967224,"Bitcoin Up or Down - March 19, 6:55PM-7:00PM ET"
1773961057,2026-03-19 22:57:37,BUY,Up,0.37,12.82341,4.7446617,"Bitcoin Up or Down - March 19, 6:55PM-7:00PM ET"
1773961087,2026-03-19 22:58:07,SELL,Up,0.27,12.0,3.24,"Bitcoin Up or Down - March 19, 6:55PM-7:00PM ET"
1773961089,2026-03-19 22:58:09,SELL,Up,0.26,13.0,3.38,"Bitcoin Up or Down - March 19, 6:55PM-7:00PM ET"
1773961091,2026-03-19 22:58:11,BUY,Up,0.32,11.85796,3.7945472000000002,"Bitcoin Up or Down - March 19, 6:55PM-7:00PM ET"
1773961113,2026-03-19 22:58:33,BUY,Up,0.34,11.84894,4.028639600000001,"Bitcoin Up or Down - March 19, 6:55PM-7:00PM ET"
1773961125,2026-03-19 22:58:45,BUY,Up,0.32,12.84612,4.1107584,"Bitcoin Up or Down - March 19, 6:55PM-7:00PM ET"
1773961125,2026-03-19 22:58:45,BUY,Up,0.35,11.84474,4.145658999999999,"Bitcoin Up or Down - March 19, 6:55PM-7:00PM ET"
1773961145,2026-03-19 22:59:05,BUY,Up,0.34,12.83635,4.364359,"Bitcoin Up or Down - March 19, 6:55PM-7:00PM ET"
1773961145,2026-03-19 22:59:05,BUY,Up,0.36,11.84075,4.26267,"Bitcoin Up or Down - March 19, 6:55PM-7:00PM ET"
1773961151,2026-03-19 22:59:11,BUY,Up,0.4558333333333333,11.81542,5.385862283333333,"Bitcoin Up or Down - March 19, 6:55PM-7:00PM ET"
1773961151,2026-03-19 22:59:11,SELL,Down,0.49,14.0,6.859999999999999,"Bitcoin Up or Down - March 19, 6:55PM-7:00PM ET"
1773961179,2026-03-19 22:59:39,SELL,Down,0.3,12.0,3.5999999999999996,"Bitcoin Up or Down - March 19, 6:55PM-7:00PM ET"
1773961179,2026-03-19 22:59:39,BUY,Down,0.37,12.82341,4.7446617,"Bitcoin Up or Down - March 19, 6:55PM-7:00PM ET"
1773961179,2026-03-19 22:59:39,SELL,Down,0.27,20.0,5.4,"Bitcoin Up or Down - March 19, 6:55PM-7:00PM ET"
1773961179,2026-03-19 22:59:39,SELL,Down,0.37,21.0,7.77,"Bitcoin Up or Down - March 19, 6:55PM-7:00PM ET"
1773961187,2026-03-19 22:59:47,SELL,Down,0.16,12.0,1.92,"Bitcoin Up or Down - March 19, 6:55PM-7:00PM ET"
1773961197,2026-03-19 22:59:57,SELL,Down,0.02,10.48,0.2096,"Bitcoin Up or Down - March 19, 6:55PM-7:00PM ET"
1773961197,2026-03-19 22:59:57,SELL,Down,0.02,2.52,0.0504,"Bitcoin Up or Down - March 19, 6:55PM-7:00PM ET"
1773961207,2026-03-19 23:00:07,SELL,Down,0.48,21.0,10.08,"Bitcoin Up or Down - March 19, 7:00PM-7:05PM ET"
1773961211,2026-03-19 23:00:11,SELL,Down,0.46,12.0,5.5200000000000005,"Bitcoin Up or Down - March 19, 7:00PM-7:05PM ET"
1773961211,2026-03-19 23:00:11,SELL,Down,0.42,55.0,23.099999999999998,"Bitcoin Up or Down - March 19, 7:00PM-7:05PM ET"
1773961211,2026-03-19 23:00:11,SELL,Down,0.42,12.0,5.04,"Bitcoin Up or Down - March 19, 7:00PM-7:05PM ET"
1773961213,2026-03-19 23:00:13,SELL,Down,0.36,14.0,5.04,"Bitcoin Up or Down - March 19, 7:00PM-7:05PM ET"
1773961215,2026-03-19 23:00:15,SELL,Down,0.36,12.0,4.32,"Bitcoin Up or Down - March 19, 7:00PM-7:05PM ET"
1773961215,2026-03-19 23:00:15,SELL,Down,0.32,25.0,8.0,"Bitcoin Up or Down - March 19, 7:00PM-7:05PM ET"
1773961217,2026-03-19 23:00:17,SELL,Down,0.28,12.0,3.3600000000000003,"Bitcoin Up or Down - March 19, 7:00PM-7:05PM ET"
1773961217,2026-03-19 23:00:17,SELL,Down,0.28,12.0,3.3600000000000003,"Bitcoin Up or Down - March 19, 7:00PM-7:05PM ET"
1773961217,2026-03-19 23:00:17,SELL,Down,0.3,14.0,4.2,"Bitcoin Up or Down - March 19, 7:00PM-7:05PM ET"
1773961217,2026-03-19 23:00:17,SELL,Down,0.30873333333333336,12.0,3.7048000000000005,"Bitcoin Up or Down - March 19, 7:00PM-7:05PM ET"
1773961217,2026-03-19 23:00:17,,,0.0,108.02093,0.0,"Bitcoin Up or Down - March 19, 6:50PM-6:55PM ET"
1773961223,2026-03-19 23:00:23,BUY,Down,0.33,13.82891,4.5635403000000005,"Bitcoin Up or Down - March 19, 7:00PM-7:05PM ET"
1773961223,2026-03-19 23:00:23,BUY,Down,0.35,11.84474,4.145658999999999,"Bitcoin Up or Down - March 19, 7:00PM-7:05PM ET"
1773961227,2026-03-19 23:00:27,SELL,Down,0.33,13.0,4.29,"Bitcoin Up or Down - March 19, 7:00PM-7:05PM ET"
1773961229,2026-03-19 23:00:29,SELL,Down,0.34673333333333334,12.0,4.1608,"Bitcoin Up or Down - March 19, 7:00PM-7:05PM ET"
1773961229,2026-03-19 23:00:29,BUY,Down,0.41,44.3417,18.180097,"Bitcoin Up or Down - March 19, 7:00PM-7:05PM ET"
1773961231,2026-03-19 23:00:31,BUY,Down,0.39,11.83022,4.6137858000000005,"Bitcoin Up or Down - March 19, 7:00PM-7:05PM ET"
1773961231,2026-03-19 23:00:31,SELL,Down,0.31,12.0,3.7199999999999998,"Bitcoin Up or Down - March 19, 7:00PM-7:05PM ET"
1773961231,2026-03-19 23:00:31,BUY,Down,0.34,15.79858,5.3715172,"Bitcoin Up or Down - March 19, 7:00PM-7:05PM ET"
1773961231,2026-03-19 23:00:31,SELL,Down,0.24035833333333334,12.0,2.8843,"Bitcoin Up or Down - March 19, 7:00PM-7:05PM ET"
1773961231,2026-03-19 23:00:31,SELL,Down,0.36,13.0,4.68,"Bitcoin Up or Down - March 19, 7:00PM-7:05PM ET"
1773961231,2026-03-19 23:00:31,BUY,Down,0.38,12.81961,4.8714518,"Bitcoin Up or Down - March 19, 7:00PM-7:05PM ET"
1773961231,2026-03-19 23:00:31,BUY,Down,0.38,19.72247,7.4945386,"Bitcoin Up or Down - March 19, 7:00PM-7:05PM ET"
1773961233,2026-03-19 23:00:33,BUY,Down,0.37,11.837,4.37969,"Bitcoin Up or Down - March 19, 7:00PM-7:05PM ET"
1773961233,2026-03-19 23:00:33,SELL,Down,0.3,15.0,4.5,"Bitcoin Up or Down - March 19, 7:00PM-7:05PM ET"
1773961233,2026-03-19 23:00:33,BUY,Down,0.35,24.67653,8.636785499999998,"Bitcoin Up or Down - March 19, 7:00PM-7:05PM ET"
1773961233,2026-03-19 23:00:33,BUY,Down,0.34,19.74823,6.714398200000001,"Bitcoin Up or Down - March 19, 7:00PM-7:05PM ET"
1773961233,2026-03-19 23:00:33,SELL,Down,0.25,12.0,3.0,"Bitcoin Up or Down - March 19, 7:00PM-7:05PM ET"
1773961235,2026-03-19 23:00:35,SELL,Down,0.25,14.0,3.5,"Bitcoin Up or Down - March 19, 7:00PM-7:05PM ET"
1773961235,2026-03-19 23:00:35,SELL,Down,0.39,12.0,4.68,"Bitcoin Up or Down - March 19, 7:00PM-7:05PM ET"
1773961235,2026-03-19 23:00:35,BUY,Down,0.45,11.81624,5.317308000000001,"Bitcoin Up or Down - March 19, 7:00PM-7:05PM ET"
1773961237,2026-03-19 23:00:37,BUY,Down,0.4117176470588235,16.75068,6.896550556235294,"Bitcoin Up or Down - March 19, 7:00PM-7:05PM ET"
1773961237,2026-03-19 23:00:37,SELL,Down,0.38,15.0,5.7,"Bitcoin Up or Down - March 19, 7:00PM-7:05PM ET"
1773961239,2026-03-19 23:00:39,SELL,Down,0.38,16.0,6.08,"Bitcoin Up or Down - March 19, 7:00PM-7:05PM ET"
1773961239,2026-03-19 23:00:39,BUY,Down,0.42,11.82198,4.9652316,"Bitcoin Up or Down - March 19, 7:00PM-7:05PM ET"
1773961239,2026-03-19 23:00:39,BUY,Down,0.4152941176470588,16.74941,6.955931447058823,"Bitcoin Up or Down - March 19, 7:00PM-7:05PM ET"
1773961241,2026-03-19 23:00:41,BUY,Down,0.42,11.82198,4.9652316,"Bitcoin Up or Down - March 19, 7:00PM-7:05PM ET"
1773961241,2026-03-19 23:00:41,SELL,Down,0.39,12.0,4.68,"Bitcoin Up or Down - March 19, 7:00PM-7:05PM ET"
1773961243,2026-03-19 23:00:43,BUY,Down,0.44,22.65091,9.9664004,"Bitcoin Up or Down - March 19, 7:00PM-7:05PM ET"
1773961243,2026-03-19 23:00:43,BUY,Down,0.44,11.81787,5.1998628,"Bitcoin Up or Down - March 19, 7:00PM-7:05PM ET"
1773961245,2026-03-19 23:00:45,SELL,Down,0.43,12.0,5.16,"Bitcoin Up or Down - March 19, 7:00PM-7:05PM ET"
1773961247,2026-03-19 23:00:47,SELL,Down,0.35,13.0,4.55,"Bitcoin Up or Down - March 19, 7:00PM-7:05PM ET"
1773961247,2026-03-19 23:00:47,SELL,Down,0.36,12.0,4.32,"Bitcoin Up or Down - March 19, 7:00PM-7:05PM ET"
1773961247,2026-03-19 23:00:47,SELL,Down,0.4,12.0,4.800000000000001,"Bitcoin Up or Down - March 19, 7:00PM-7:05PM ET"
1773961249,2026-03-19 23:00:49,SELL,Down,0.34,12.0,4.08,"Bitcoin Up or Down - March 19, 7:00PM-7:05PM ET"
1773961249,2026-03-19 23:00:49,SELL,Down,0.33,12.0,3.96,"Bitcoin Up or Down - March 19, 7:00PM-7:05PM ET"
1773961259,2026-03-19 23:00:59,SELL,Down,0.31,27.0,8.37,"Bitcoin Up or Down - March 19, 7:00PM-7:05PM ET"
1773961261,2026-03-19 23:01:01,BUY,Down,0.36,11.84075,4.26267,"Bitcoin Up or Down - March 19, 7:00PM-7:05PM ET"
1773961261,2026-03-19 23:01:01,BUY,Down,0.35,11.84474,4.145658999999999,"Bitcoin Up or Down - March 19, 7:00PM-7:05PM ET"
1773961263,2026-03-19 23:01:03,,,0.5,700.0,350.0,"Bitcoin Up or Down - March 19, 7:10PM-7:15PM ET"
1773961267,2026-03-19 23:01:07,BUY,Down,0.35,14.80592,5.182072,"Bitcoin Up or Down - March 19, 7:00PM-7:05PM ET"
1773961267,2026-03-19 23:01:07,SELL,Down,0.3,12.0,3.5999999999999996,"Bitcoin Up or Down - March 19, 7:00PM-7:05PM ET"
1773961273,2026-03-19 23:01:13,BUY,Down,0.38,12.81961,4.8714518,"Bitcoin Up or Down - March 19, 7:00PM-7:05PM ET"
1773961277,2026-03-19 23:01:17,BUY,Down,0.42,13.79231,5.7927702,"Bitcoin Up or Down - March 19, 7:00PM-7:05PM ET"
1773961277,2026-03-19 23:01:17,BUY,Down,0.4,12.8128,5.12512,"Bitcoin Up or Down - March 19, 7:00PM-7:05PM ET"
1773961281,2026-03-19 23:01:21,BUY,Down,0.46,11.8149,5.4348540000000005,"Bitcoin Up or Down - March 19, 7:00PM-7:05PM ET"
1773961289,2026-03-19 23:01:29,BUY,Down,0.47,12.79834,6.0152198,"Bitcoin Up or Down - March 19, 7:00PM-7:05PM ET"
1773961289,2026-03-19 23:01:29,BUY,Down,0.45,11.81624,5.317308000000001,"Bitcoin Up or Down - March 19, 7:00PM-7:05PM ET"
1773961293,2026-03-19 23:01:33,BUY,Down,0.5,11.8125,5.90625,"Bitcoin Up or Down - March 19, 7:00PM-7:05PM ET"
1773961295,2026-03-19 23:01:35,SELL,Up,0.47,12.0,5.64,"Bitcoin Up or Down - March 19, 7:00PM-7:05PM ET"
1773961303,2026-03-19 23:01:43,SELL,Down,0.42,16.0,6.72,"Bitcoin Up or Down - March 19, 7:00PM-7:05PM ET"
1773961303,2026-03-19 23:01:43,SELL,Down,0.43,12.0,5.16,"Bitcoin Up or Down - March 19, 7:00PM-7:05PM ET"
1773961313,2026-03-19 23:01:53,BUY,Down,0.47,11.81385,5.5525095,"Bitcoin Up or Down - March 19, 7:00PM-7:05PM ET"
1773961317,2026-03-19 23:01:57,SELL,Down,0.35,12.0,4.199999999999999,"Bitcoin Up or Down - March 19, 7:00PM-7:05PM ET"
1773961317,2026-03-19 23:01:57,SELL,Down,0.346225,12.0,4.1547,"Bitcoin Up or Down - March 19, 7:00PM-7:05PM ET"
1773961317,2026-03-19 23:01:57,SELL,Down,0.36,12.0,4.32,"Bitcoin Up or Down - March 19, 7:00PM-7:05PM ET"
1773961319,2026-03-19 23:01:59,SELL,Down,0.34,13.0,4.42,"Bitcoin Up or Down - March 19, 7:00PM-7:05PM ET"
1773961329,2026-03-19 23:02:09,SELL,Down,0.29,12.0,3.4799999999999995,"Bitcoin Up or Down - March 19, 7:00PM-7:05PM ET"
1773961329,2026-03-19 23:02:09,SELL,Down,0.29,20.0,5.8,"Bitcoin Up or Down - March 19, 7:00PM-7:05PM ET"
1773961331,2026-03-19 23:02:11,BUY,Down,0.33,12.84113,4.2375729,"Bitcoin Up or Down - March 19, 7:00PM-7:05PM ET"
1773961335,2026-03-19 23:02:15,BUY,Down,0.34,12.83635,4.364359,"Bitcoin Up or Down - March 19, 7:00PM-7:05PM ET"
1773961337,2026-03-19 23:02:17,SELL,Down,0.28,14.0,3.9200000000000004,"Bitcoin Up or Down - March 19, 7:00PM-7:05PM ET"
1773961339,2026-03-19 23:02:19,SELL,Down,0.26,12.0,3.12,"Bitcoin Up or Down - March 19, 7:00PM-7:05PM ET"
1773961341,2026-03-19 23:02:21,SELL,Down,0.23,12.0,2.7600000000000002,"Bitcoin Up or Down - March 19, 7:00PM-7:05PM ET"
1773961345,2026-03-19 23:02:25,,,0.0,88.26809,0.0,"Bitcoin Up or Down - March 19, 6:45PM-6:50PM ET"
1773961347,2026-03-19 23:02:27,BUY,Down,0.31,11.86275,3.6774525000000002,"Bitcoin Up or Down - March 19, 7:00PM-7:05PM ET"
1773961347,2026-03-19 23:02:27,BUY,Down,0.32,11.85796,3.7945472000000002,"Bitcoin Up or Down - March 19, 7:00PM-7:05PM ET"
1773961349,2026-03-19 23:02:29,BUY,Down,0.34,13.82376,4.700078400000001,"Bitcoin Up or Down - March 19, 7:00PM-7:05PM ET"
1773961355,2026-03-19 23:02:35,BUY,Down,0.3534333333333333,11.84334,4.185831134,"Bitcoin Up or Down - March 19, 7:00PM-7:05PM ET"
1773961355,2026-03-19 23:02:35,BUY,Down,0.4058333333333333,11.82557,4.799210491666667,"Bitcoin Up or Down - March 19, 7:00PM-7:05PM ET"
1773961363,2026-03-19 23:02:43,SELL,Down,0.33,12.0,3.96,"Bitcoin Up or Down - March 19, 7:00PM-7:05PM ET"
1773961365,2026-03-19 23:02:45,SELL,Down,0.21,12.0,2.52,"Bitcoin Up or Down - March 19, 7:00PM-7:05PM ET"
1773961365,2026-03-19 23:02:45,SELL,Down,0.23,12.0,2.7600000000000002,"Bitcoin Up or Down - March 19, 7:00PM-7:05PM ET"
1773961365,2026-03-19 23:02:45,SELL,Down,0.25,12.0,3.0,"Bitcoin Up or Down - March 19, 7:00PM-7:05PM ET"
1773961365,2026-03-19 23:02:45,SELL,Down,0.27905833333333335,12.0,3.3487,"Bitcoin Up or Down - March 19, 7:00PM-7:05PM ET"
1773961367,2026-03-19 23:02:47,BUY,Down,0.3,17.80155,5.340464999999999,"Bitcoin Up or Down - March 19, 7:00PM-7:05PM ET"
1773961371,2026-03-19 23:02:51,BUY,Down,0.33,11.85335,3.9116055000000003,"Bitcoin Up or Down - March 19, 7:00PM-7:05PM ET"
1773961383,2026-03-19 23:03:03,SELL,Down,0.24,12.0,2.88,"Bitcoin Up or Down - March 19, 7:00PM-7:05PM ET"
1773961413,2026-03-19 23:03:33,BUY,Down,0.29,11.87282,3.4431178,"Bitcoin Up or Down - March 19, 7:00PM-7:05PM ET"
1773961413,2026-03-19 23:03:33,BUY,Down,0.28,11.87808,3.3258624000000006,"Bitcoin Up or Down - March 19, 7:00PM-7:05PM ET"
1773961417,2026-03-19 23:03:37,SELL,Down,0.23,12.0,2.7600000000000002,"Bitcoin Up or Down - March 19, 7:00PM-7:05PM ET"
1773961423,2026-03-19 23:03:43,SELL,Down,0.15230833333333332,12.0,1.8276999999999999,"Bitcoin Up or Down - March 19, 7:00PM-7:05PM ET"
1773961423,2026-03-19 23:03:43,SELL,Down,0.1,12.0,1.2000000000000002,"Bitcoin Up or Down - March 19, 7:00PM-7:05PM ET"
1773961423,2026-03-19 23:03:43,SELL,Down,0.12,15.0,1.7999999999999998,"Bitcoin Up or Down - March 19, 7:00PM-7:05PM ET"
1773961425,2026-03-19 23:03:45,SELL,Down,0.07916666666666666,12.0,0.95,"Bitcoin Up or Down - March 19, 7:00PM-7:05PM ET"
1773961427,2026-03-19 23:03:47,SELL,Down,0.07,17.0,1.1900000000000002,"Bitcoin Up or Down - March 19, 7:00PM-7:05PM ET"
1773961427,2026-03-19 23:03:47,SELL,Down,0.07,14.0,0.9800000000000001,"Bitcoin Up or Down - March 19, 7:00PM-7:05PM ET"
1773961431,2026-03-19 23:03:51,SELL,Down,0.06,13.0,0.78,"Bitcoin Up or Down - March 19, 7:00PM-7:05PM ET"
1773961433,2026-03-19 23:03:53,SELL,Down,0.05,12.0,0.6000000000000001,"Bitcoin Up or Down - March 19, 7:00PM-7:05PM ET"
1773961433,2026-03-19 23:03:53,SELL,Down,0.05,14.0,0.7000000000000001,"Bitcoin Up or Down - March 19, 7:00PM-7:05PM ET"
1773961435,2026-03-19 23:03:55,BUY,Down,0.11,11.97125,1.3168374999999999,"Bitcoin Up or Down - March 19, 7:00PM-7:05PM ET"
1773961435,2026-03-19 23:03:55,BUY,Down,0.07,11.98729,0.8391103000000001,"Bitcoin Up or Down - March 19, 7:00PM-7:05PM ET"
1773961435,2026-03-19 23:03:55,BUY,Down,0.11615384615384615,12.96575,1.5060217307692307,"Bitcoin Up or Down - March 19, 7:00PM-7:05PM ET"
1773961435,2026-03-19 23:03:55,BUY,Down,0.1,12.97368,1.297368,"Bitcoin Up or Down - March 19, 7:00PM-7:05PM ET"
1773961437,2026-03-19 23:03:57,SELL,Down,0.08,15.0,1.2,"Bitcoin Up or Down - March 19, 7:00PM-7:05PM ET"
1773961441,2026-03-19 23:04:01,BUY,Down,0.09,11.97988,1.0781892,"Bitcoin Up or Down - March 19, 7:00PM-7:05PM ET"
1773961441,2026-03-19 23:04:01,SELL,Down,0.05,15.0,0.75,"Bitcoin Up or Down - March 19, 7:00PM-7:05PM ET"
1773961441,2026-03-19 23:04:01,SELL,Down,0.05,22.0,1.1,"Bitcoin Up or Down - March 19, 7:00PM-7:05PM ET"
1773961447,2026-03-19 23:04:07,BUY,Down,0.07,12.98623,0.9090361000000001,"Bitcoin Up or Down - March 19, 7:00PM-7:05PM ET"
1773961457,2026-03-19 23:04:17,SELL,Down,0.04,13.0,0.52,"Bitcoin Up or Down - March 19, 7:00PM-7:05PM ET"
1773961459,2026-03-19 23:04:19,SELL,Down,0.03,12.0,0.36,"Bitcoin Up or Down - March 19, 7:00PM-7:05PM ET"
1773961459,2026-03-19 23:04:19,SELL,Down,0.03,13.0,0.39,"Bitcoin Up or Down - March 19, 7:00PM-7:05PM ET"
1773961459,2026-03-19 23:04:19,SELL,Down,0.03,12.0,0.36,"Bitcoin Up or Down - March 19, 7:00PM-7:05PM ET"
1773961459,2026-03-19 23:04:19,SELL,Down,0.03,12.0,0.36,"Bitcoin Up or Down - March 19, 7:00PM-7:05PM ET"
1773961463,2026-03-19 23:04:23,SELL,Down,0.02,21.0,0.42,"Bitcoin Up or Down - March 19, 7:00PM-7:05PM ET"
1773961467,2026-03-19 23:04:27,,,0.0,620.82341,0.0,"Bitcoin Up or Down - March 19, 6:55PM-7:00PM ET"
1773961467,2026-03-19 23:04:27,BUY,Down,0.02,11.99885,0.239977,"Bitcoin Up or Down - March 19, 7:00PM-7:05PM ET"
1773961481,2026-03-19 23:04:41,BUY,Down,0.01,12.99969,0.1299969,"Bitcoin Up or Down - March 19, 7:00PM-7:05PM ET"
1773961493,2026-03-19 23:04:53,BUY,Down,0.01,11.99971,0.11999710000000001,"Bitcoin Up or Down - March 19, 7:00PM-7:05PM ET"
1773961493,2026-03-19 23:04:53,BUY,Down,0.01,14.99964,0.1499964,"Bitcoin Up or Down - March 19, 7:00PM-7:05PM ET"
1773961499,2026-03-19 23:04:59,BUY,Down,0.01,16.99959,0.1699959,"Bitcoin Up or Down - March 19, 7:00PM-7:05PM ET"
1773961505,2026-03-19 23:05:05,SELL,Up,0.46,5.0,2.3000000000000003,"Bitcoin Up or Down - March 19, 7:05PM-7:10PM ET"
1773961509,2026-03-19 23:05:09,SELL,Up,0.45,12.0,5.4,"Bitcoin Up or Down - March 19, 7:05PM-7:10PM ET"
1773961511,2026-03-19 23:05:11,SELL,Up,0.4,13.0,5.2,"Bitcoin Up or Down - March 19, 7:05PM-7:10PM ET"
1773961511,2026-03-19 23:05:11,SELL,Up,0.44400833333333334,12.0,5.3281,"Bitcoin Up or Down - March 19, 7:05PM-7:10PM ET"
1773961517,2026-03-19 23:05:17,BUY,Up,0.45,11.81624,5.317308000000001,"Bitcoin Up or Down - March 19, 7:05PM-7:10PM ET"
1773961523,2026-03-19 23:05:23,,,0.5,700.0,350.0,"Bitcoin Up or Down - March 19, 7:15PM-7:20PM ET"
1773961525,2026-03-19 23:05:25,BUY,Up,0.49,12.79704,6.270549600000001,"Bitcoin Up or Down - March 19, 7:05PM-7:10PM ET"
1773961527,2026-03-19 23:05:27,BUY,Up,0.51,11.81265,6.0244515,"Bitcoin Up or Down - March 19, 7:05PM-7:10PM ET"
1773961529,2026-03-19 23:05:29,BUY,Down,0.48,12.79753,6.1428144,"Bitcoin Up or Down - March 19, 7:05PM-7:10PM ET"
1773961529,2026-03-19 23:05:29,SELL,Down,0.44,12.0,5.28,"Bitcoin Up or Down - March 19, 7:05PM-7:10PM ET"
1773961529,2026-03-19 23:05:29,SELL,Down,0.44,12.0,5.28,"Bitcoin Up or Down - March 19, 7:05PM-7:10PM ET"
1773961531,2026-03-19 23:05:31,SELL,Up,0.45,12.0,5.4,"Bitcoin Up or Down - March 19, 7:05PM-7:10PM ET"
1773961537,2026-03-19 23:05:37,SELL,Up,0.4,14.0,5.6000000000000005,"Bitcoin Up or Down - March 19, 7:05PM-7:10PM ET"
1773961537,2026-03-19 23:05:37,SELL,Up,0.4276923076923077,13.0,5.5600000000000005,"Bitcoin Up or Down - March 19, 7:05PM-7:10PM ET"
1773961553,2026-03-19 23:05:53,BUY,Up,0.51,11.81265,6.0244515,"Bitcoin Up or Down - March 19, 7:05PM-7:10PM ET"
1773961553,2026-03-19 23:05:53,BUY,Up,0.47,13.78283,6.4779301,"Bitcoin Up or Down - March 19, 7:05PM-7:10PM ET"
1773961555,2026-03-19 23:05:55,SELL,Up,0.44,13.0,5.72,"Bitcoin Up or Down - March 19, 7:05PM-7:10PM ET"
1773961555,2026-03-19 23:05:55,SELL,Up,0.44,12.0,5.28,"Bitcoin Up or Down - March 19, 7:05PM-7:10PM ET"
1773961559,2026-03-19 23:05:59,SELL,Up,0.35,12.0,4.199999999999999,"Bitcoin Up or Down - March 19, 7:05PM-7:10PM ET"
1773961559,2026-03-19 23:05:59,SELL,Up,0.32,12.0,3.84,"Bitcoin Up or Down - March 19, 7:05PM-7:10PM ET"
1773961559,2026-03-19 23:05:59,SELL,Up,0.39,12.0,4.68,"Bitcoin Up or Down - March 19, 7:05PM-7:10PM ET"
1773961559,2026-03-19 23:05:59,SELL,Up,0.35,12.0,4.199999999999999,"Bitcoin Up or Down - March 19, 7:05PM-7:10PM ET"
1773961559,2026-03-19 23:05:59,SELL,Up,0.39,14.0,5.46,"Bitcoin Up or Down - March 19, 7:05PM-7:10PM ET"
1773961563,2026-03-19 23:06:03,BUY,Up,0.38,12.81961,4.8714518,"Bitcoin Up or Down - March 19, 7:05PM-7:10PM ET"
1773961563,2026-03-19 23:06:03,BUY,Up,0.38,11.83348,4.4967224,"Bitcoin Up or Down - March 19, 7:05PM-7:10PM ET"
1773961565,2026-03-19 23:06:05,SELL,Up,0.32,14.0,4.48,"Bitcoin Up or Down - March 19, 7:05PM-7:10PM ET"
1773961573,2026-03-19 23:06:13,SELL,Up,0.29,12.0,3.4799999999999995,"Bitcoin Up or Down - March 19, 7:05PM-7:10PM ET"
1773961589,2026-03-19 23:06:29,,,0.0,454.00724,0.0,"Bitcoin Up or Down - March 19, 7:00PM-7:05PM ET"
1773961605,2026-03-19 23:06:45,SELL,Up,0.39,14.0,5.46,"Bitcoin Up or Down - March 19, 7:05PM-7:10PM ET"
1773961605,2026-03-19 23:06:45,SELL,Up,0.4,12.0,4.800000000000001,"Bitcoin Up or Down - March 19, 7:05PM-7:10PM ET"
1773961605,2026-03-19 23:06:45,BUY,Up,0.45,11.81624,5.317308000000001,"Bitcoin Up or Down - March 19, 7:05PM-7:10PM ET"
1773961605,2026-03-19 23:06:45,BUY,Up,0.438875,11.81807,5.186655471250001,"Bitcoin Up or Down - March 19, 7:05PM-7:10PM ET"
1773961605,2026-03-19 23:06:45,BUY,Up,0.4232,32.50842,13.757563344000001,"Bitcoin Up or Down - March 19, 7:05PM-7:10PM ET"
1773961611,2026-03-19 23:06:51,SELL,Up,0.35,12.0,4.199999999999999,"Bitcoin Up or Down - March 19, 7:05PM-7:10PM ET"
1773961621,2026-03-19 23:07:01,BUY,Up,0.44,11.81787,5.1998628,"Bitcoin Up or Down - March 19, 7:05PM-7:10PM ET"
1773961621,2026-03-19 23:07:01,BUY,Up,0.42,11.82198,4.9652316,"Bitcoin Up or Down - March 19, 7:05PM-7:10PM ET"
1773961625,2026-03-19 23:07:05,SELL,Up,0.38,20.0,7.6,"Bitcoin Up or Down - March 19, 7:05PM-7:10PM ET"
1773961625,2026-03-19 23:07:05,BUY,Up,0.47,13.78283,6.4779301,"Bitcoin Up or Down - March 19, 7:05PM-7:10PM ET"
1773961627,2026-03-19 23:07:07,SELL,Up,0.34528,20.0,6.9056,"Bitcoin Up or Down - March 19, 7:05PM-7:10PM ET"
1773961631,2026-03-19 23:07:11,SELL,Up,0.29,12.0,3.4799999999999995,"Bitcoin Up or Down - March 19, 7:05PM-7:10PM ET"
1773961631,2026-03-19 23:07:11,SELL,Up,0.28,12.0,3.3600000000000003,"Bitcoin Up or Down - March 19, 7:05PM-7:10PM ET"
1773961659,2026-03-19 23:07:39,SELL,Up,0.21,12.0,2.52,"Bitcoin Up or Down - March 19, 7:05PM-7:10PM ET"
1773961659,2026-03-19 23:07:39,SELL,Up,0.24,13.0,3.12,"Bitcoin Up or Down - March 19, 7:05PM-7:10PM ET"
1773961663,2026-03-19 23:07:43,BUY,Up,0.28,17.81711,4.9887908,"Bitcoin Up or Down - March 19, 7:05PM-7:10PM ET"
1773961667,2026-03-19 23:07:47,BUY,Up,0.34,11.84894,4.028639600000001,"Bitcoin Up or Down - March 19, 7:05PM-7:10PM ET"
1773961667,2026-03-19 23:07:47,BUY,Up,0.51,11.81265,6.0244515,"Bitcoin Up or Down - March 19, 7:05PM-7:10PM ET"
1773961667,2026-03-19 23:07:47,BUY,Up,0.4486707317073171,40.37281,18.11409820378049,"Bitcoin Up or Down - March 19, 7:05PM-7:10PM ET"
1773961667,2026-03-19 23:07:47,BUY,Up,0.33,16.79224,5.5414392,"Bitcoin Up or Down - March 19, 7:05PM-7:10PM ET"
1773961667,2026-03-19 23:07:47,BUY,Up,0.4015416666666667,11.82676,4.748936921666667,"Bitcoin Up or Down - March 19, 7:05PM-7:10PM ET"
1773961669,2026-03-19 23:07:49,SELL,Down,0.44,12.0,5.28,"Bitcoin Up or Down - March 19, 7:05PM-7:10PM ET"
1773961669,2026-03-19 23:07:49,SELL,Down,0.42,12.0,5.04,"Bitcoin Up or Down - March 19, 7:05PM-7:10PM ET"
1773961669,2026-03-19 23:07:49,SELL,Down,0.43188333333333334,12.0,5.1826,"Bitcoin Up or Down - March 19, 7:05PM-7:10PM ET"
1773961673,2026-03-19 23:07:53,SELL,Down,0.35,12.0,4.199999999999999,"Bitcoin Up or Down - March 19, 7:05PM-7:10PM ET"
1773961675,2026-03-19 23:07:55,SELL,Down,0.29,12.0,3.4799999999999995,"Bitcoin Up or Down - March 19, 7:05PM-7:10PM ET"
1773961675,2026-03-19 23:07:55,SELL,Down,0.3,12.0,3.5999999999999996,"Bitcoin Up or Down - March 19, 7:05PM-7:10PM ET"
1773961677,2026-03-19 23:07:57,BUY,Down,0.37,11.837,4.37969,"Bitcoin Up or Down - March 19, 7:05PM-7:10PM ET"
1773961677,2026-03-19 23:07:57,BUY,Down,0.37,11.837,4.37969,"Bitcoin Up or Down - March 19, 7:05PM-7:10PM ET"
1773961681,2026-03-19 23:08:01,BUY,Down,0.49,11.81265,5.7881985,"Bitcoin Up or Down - March 19, 7:05PM-7:10PM ET"
1773961683,2026-03-19 23:08:03,SELL,Up,0.45,15.0,6.75,"Bitcoin Up or Down - March 19, 7:05PM-7:10PM ET"
1773961683,2026-03-19 23:08:03,BUY,Down,0.52,12.79753,6.6547156,"Bitcoin Up or Down - March 19, 7:05PM-7:10PM ET"
1773961683,2026-03-19 23:08:03,SELL,Up,0.38,25.0,9.5,"Bitcoin Up or Down - March 19, 7:05PM-7:10PM ET"
1773961683,2026-03-19 23:08:03,SELL,Up,0.38,16.0,6.08,"Bitcoin Up or Down - March 19, 7:05PM-7:10PM ET"
1773961685,2026-03-19 23:08:05,BUY,Up,0.49,11.81265,5.7881985,"Bitcoin Up or Down - March 19, 7:05PM-7:10PM ET"
1773961685,2026-03-19 23:08:05,BUY,Up,0.51,13.78143,7.028529300000001,"Bitcoin Up or Down - March 19, 7:05PM-7:10PM ET"
1773961685,2026-03-19 23:08:05,BUY,Up,0.42,11.82198,4.9652316,"Bitcoin Up or Down - March 19, 7:05PM-7:10PM ET"
1773961687,2026-03-19 23:08:07,SELL,Down,0.48,13.0,6.24,"Bitcoin Up or Down - March 19, 7:05PM-7:10PM ET"
1773961689,2026-03-19 23:08:09,SELL,Up,0.43,13.0,5.59,"Bitcoin Up or Down - March 19, 7:05PM-7:10PM ET"
1773961689,2026-03-19 23:08:09,SELL,Up,0.44148333333333334,12.0,5.2978000000000005,"Bitcoin Up or Down - March 19, 7:05PM-7:10PM ET"
1773961713,2026-03-19 23:08:33,SELL,Up,0.37625,12.0,4.515,"Bitcoin Up or Down - March 19, 7:05PM-7:10PM ET"
1773961713,2026-03-19 23:08:33,SELL,Up,0.33,12.0,3.96,"Bitcoin Up or Down - March 19, 7:05PM-7:10PM ET"
1773961715,2026-03-19 23:08:35,SELL,Up,0.25,13.0,3.25,"Bitcoin Up or Down - March 19, 7:05PM-7:10PM ET"
1773961715,2026-03-19 23:08:35,SELL,Up,0.26,12.0,3.12,"Bitcoin Up or Down - March 19, 7:05PM-7:10PM ET"
1773961715,2026-03-19 23:08:35,SELL,Up,0.27,12.0,3.24,"Bitcoin Up or Down - March 19, 7:05PM-7:10PM ET"
1773961751,2026-03-19 23:09:11,SELL,Up,0.11,16.0,1.76,"Bitcoin Up or Down - March 19, 7:05PM-7:10PM ET"
1773961751,2026-03-19 23:09:11,SELL,Up,0.1296076923076923,13.0,1.6849,"Bitcoin Up or Down - March 19, 7:05PM-7:10PM ET"
1773961753,2026-03-19 23:09:13,BUY,Up,0.15,11.95124,1.792686,"Bitcoin Up or Down - March 19, 7:05PM-7:10PM ET"
1773961755,2026-03-19 23:09:15,BUY,Up,0.21,11.91744,2.5026623999999997,"Bitcoin Up or Down - March 19, 7:05PM-7:10PM ET"
1773961769,2026-03-19 23:09:29,BUY,Up,0.33,11.85335,3.9116055000000003,"Bitcoin Up or Down - March 19, 7:05PM-7:10PM ET"
1773961769,2026-03-19 23:09:29,BUY,Up,0.3,12.85668,3.857004,"Bitcoin Up or Down - March 19, 7:05PM-7:10PM ET"
1773961769,2026-03-19 23:09:29,BUY,Up,0.31,11.86275,3.6774525000000002,"Bitcoin Up or Down - March 19, 7:05PM-7:10PM ET"
1773961773,2026-03-19 23:09:33,SELL,Up,0.14,13.0,1.8200000000000003,"Bitcoin Up or Down - March 19, 7:05PM-7:10PM ET"
1773961773,2026-03-19 23:09:33,SELL,Up,0.15,15.0,2.25,"Bitcoin Up or Down - March 19, 7:05PM-7:10PM ET"
1773961785,2026-03-19 23:09:45,SELL,Up,0.03,13.0,0.39,"Bitcoin Up or Down - March 19, 7:05PM-7:10PM ET"
1773961785,2026-03-19 23:09:45,SELL,Up,0.04,16.0,0.64,"Bitcoin Up or Down - March 19, 7:05PM-7:10PM ET"
1773961787,2026-03-19 23:09:47,SELL,Up,0.02,17.0,0.34,"Bitcoin Up or Down - March 19, 7:05PM-7:10PM ET"
1773961789,2026-03-19 23:09:49,SELL,Up,0.02,8.13,0.16260000000000002,"Bitcoin Up or Down - March 19, 7:05PM-7:10PM ET"
1773961789,2026-03-19 23:09:49,SELL,Up,0.02,0.51,0.0102,"Bitcoin Up or Down - March 19, 7:05PM-7:10PM ET"
1773961789,2026-03-19 23:09:49,SELL,Up,0.02,0.49,0.0098,"Bitcoin Up or Down - March 19, 7:05PM-7:10PM ET"
1773961789,2026-03-19 23:09:49,SELL,Up,0.02,2.87,0.05740000000000001,"Bitcoin Up or Down - March 19, 7:05PM-7:10PM ET"
1773961805,2026-03-19 23:10:05,SELL,Up,0.48,5.0,2.4,"Bitcoin Up or Down - March 19, 7:10PM-7:15PM ET"
1773961807,2026-03-19 23:10:07,SELL,Down,0.49416666666666664,12.0,5.93,"Bitcoin Up or Down - March 19, 7:10PM-7:15PM ET"
1773961817,2026-03-19 23:10:17,SELL,Down,0.45,12.0,5.4,"Bitcoin Up or Down - March 19, 7:10PM-7:15PM ET"
1773961817,2026-03-19 23:10:17,SELL,Down,0.43,15.0,6.45,"Bitcoin Up or Down - March 19, 7:10PM-7:15PM ET"
1773961817,2026-03-19 23:10:17,,,0.0,233.99276,0.0,"Bitcoin Up or Down - March 19, 7:00PM-7:05PM ET"
1773961821,2026-03-19 23:10:21,BUY,Down,0.54,11.8149,6.380046,"Bitcoin Up or Down - March 19, 7:10PM-7:15PM ET"
1773961821,2026-03-19 23:10:21,BUY,Down,0.5,13.78125,6.890625,"Bitcoin Up or Down - March 19, 7:10PM-7:15PM ET"
1773961821,2026-03-19 23:10:21,BUY,Down,0.52,11.8131,6.142812,"Bitcoin Up or Down - March 19, 7:10PM-7:15PM ET"
1773961825,2026-03-19 23:10:25,SELL,Down,0.43,12.0,5.16,"Bitcoin Up or Down - March 19, 7:10PM-7:15PM ET"
1773961827,2026-03-19 23:10:27,SELL,Down,0.43,15.0,6.45,"Bitcoin Up or Down - March 19, 7:10PM-7:15PM ET"
1773961827,2026-03-19 23:10:27,BUY,Down,0.55,11.81624,6.498932000000001,"Bitcoin Up or Down - March 19, 7:10PM-7:15PM ET"
1773961827,2026-03-19 23:10:27,BUY,Down,0.49,11.81265,5.7881985,"Bitcoin Up or Down - March 19, 7:10PM-7:15PM ET"
1773961843,2026-03-19 23:10:43,SELL,Up,0.39,24.0,9.36,"Bitcoin Up or Down - March 19, 7:10PM-7:15PM ET"
1773961843,2026-03-19 23:10:43,SELL,Up,0.43,13.0,5.59,"Bitcoin Up or Down - March 19, 7:10PM-7:15PM ET"
1773961845,2026-03-19 23:10:45,SELL,Up,0.32,12.0,3.84,"Bitcoin Up or Down - March 19, 7:10PM-7:15PM ET"
1773961845,2026-03-19 23:10:45,SELL,Up,0.34,12.0,4.08,"Bitcoin Up or Down - March 19, 7:10PM-7:15PM ET"
1773961845,2026-03-19 23:10:45,SELL,Up,0.35,12.0,4.199999999999999,"Bitcoin Up or Down - March 19, 7:10PM-7:15PM ET"
1773961845,2026-03-19 23:10:45,,,0.5,700.0,350.0,"Bitcoin Up or Down - March 19, 7:20PM-7:25PM ET"
1773961851,2026-03-19 23:10:51,SELL,Up,0.26,15.0,3.9000000000000004,"Bitcoin Up or Down - March 19, 7:10PM-7:15PM ET"
1773961851,2026-03-19 23:10:51,SELL,Up,0.26,21.0,5.46,"Bitcoin Up or Down - March 19, 7:10PM-7:15PM ET"
1773961867,2026-03-19 23:11:07,BUY,Up,0.35,12.8318,4.491129999999999,"Bitcoin Up or Down - March 19, 7:10PM-7:15PM ET"
1773961867,2026-03-19 23:11:07,BUY,Up,0.33,11.85335,3.9116055000000003,"Bitcoin Up or Down - March 19, 7:10PM-7:15PM ET"
1773961871,2026-03-19 23:11:11,BUY,Up,0.4,26.6112,10.644480000000001,"Bitcoin Up or Down - March 19, 7:10PM-7:15PM ET"
1773961871,2026-03-19 23:11:11,BUY,Up,0.4,11.8272,4.73088,"Bitcoin Up or Down - March 19, 7:10PM-7:15PM ET"
1773961887,2026-03-19 23:11:27,SELL,Up,0.37,27.0,9.99,"Bitcoin Up or Down - March 19, 7:10PM-7:15PM ET"
1773961889,2026-03-19 23:11:29,BUY,Up,0.39,11.83022,4.6137858000000005,"Bitcoin Up or Down - March 19, 7:10PM-7:15PM ET"
1773961889,2026-03-19 23:11:29,SELL,Up,0.36,13.0,4.68,"Bitcoin Up or Down - March 19, 7:10PM-7:15PM ET"
1773961889,2026-03-19 23:11:29,BUY,Up,0.43,11.81978,5.0825054,"Bitcoin Up or Down - March 19, 7:10PM-7:15PM ET"
1773961889,2026-03-19 23:11:29,BUY,Up,0.43,11.81978,5.0825054,"Bitcoin Up or Down - March 19, 7:10PM-7:15PM ET"
1773961893,2026-03-19 23:11:33,SELL,Up,0.33,12.0,3.96,"Bitcoin Up or Down - March 19, 7:10PM-7:15PM ET"
1773961907,2026-03-19 23:11:47,SELL,Up,0.26,15.0,3.9000000000000004,"Bitcoin Up or Down - March 19, 7:10PM-7:15PM ET"
1773961907,2026-03-19 23:11:47,SELL,Up,0.32,12.0,3.84,"Bitcoin Up or Down - March 19, 7:10PM-7:15PM ET"
1773961909,2026-03-19 23:11:49,SELL,Up,0.24,18.0,4.32,"Bitcoin Up or Down - March 19, 7:10PM-7:15PM ET"
1773961915,2026-03-19 23:11:55,BUY,Up,0.33,16.79224,5.5414392,"Bitcoin Up or Down - March 19, 7:10PM-7:15PM ET"
1773961921,2026-03-19 23:12:01,BUY,Up,0.38,12.81961,4.8714518,"Bitcoin Up or Down - March 19, 7:10PM-7:15PM ET"
1773961921,2026-03-19 23:12:01,BUY,Up,0.3909416666666667,11.82992,4.624808641333334,"Bitcoin Up or Down - March 19, 7:10PM-7:15PM ET"
1773961927,2026-03-19 23:12:07,SELL,Up,0.3,12.0,3.5999999999999996,"Bitcoin Up or Down - March 19, 7:10PM-7:15PM ET"
1773961929,2026-03-19 23:12:09,SELL,Up,0.28,13.0,3.6400000000000006,"Bitcoin Up or Down - March 19, 7:10PM-7:15PM ET"
1773961937,2026-03-19 23:12:17,SELL,Up,0.33,12.0,3.96,"Bitcoin Up or Down - March 19, 7:10PM-7:15PM ET"
1773961937,2026-03-19 23:12:17,BUY,Up,0.36,11.84075,4.26267,"Bitcoin Up or Down - March 19, 7:10PM-7:15PM ET"
1773961937,2026-03-19 23:12:17,BUY,Up,0.36,11.84075,4.26267,"Bitcoin Up or Down - March 19, 7:10PM-7:15PM ET"
1773961943,2026-03-19 23:12:23,,,0.0,54.4487,0.0,"Bitcoin Up or Down - March 19, 6:55PM-7:00PM ET"
1773961959,2026-03-19 23:12:39,BUY,Up,0.40225833333333333,11.82656,4.757332314666667,"Bitcoin Up or Down - March 19, 7:10PM-7:15PM ET"
1773961959,2026-03-19 23:12:39,BUY,Up,0.4,11.8272,4.73088,"Bitcoin Up or Down - March 19, 7:10PM-7:15PM ET"
1773961977,2026-03-19 23:12:57,BUY,Up,0.46,11.8149,5.4348540000000005,"Bitcoin Up or Down - March 19, 7:10PM-7:15PM ET"
1773961977,2026-03-19 23:12:57,BUY,Up,0.43402857142857143,13.78881,5.984737506,"Bitcoin Up or Down - March 19, 7:10PM-7:15PM ET"
1773961979,2026-03-19 23:12:59,BUY,Up,0.51,11.81265,6.0244515,"Bitcoin Up or Down - March 19, 7:10PM-7:15PM ET"
1773961983,2026-03-19 23:13:03,BUY,Up,0.57,11.81978,6.737274599999999,"Bitcoin Up or Down - March 19, 7:10PM-7:15PM ET"
1773961991,2026-03-19 23:13:11,SELL,Down,0.41,12.0,4.92,"Bitcoin Up or Down - March 19, 7:10PM-7:15PM ET"
1773961991,2026-03-19 23:13:11,SELL,Down,0.32,12.0,3.84,"Bitcoin Up or Down - March 19, 7:10PM-7:15PM ET"
1773961991,2026-03-19 23:13:11,SELL,Down,0.37,12.0,4.4399999999999995,"Bitcoin Up or Down - March 19, 7:10PM-7:15PM ET"
1773961993,2026-03-19 23:13:13,BUY,Down,0.36,13.81421,4.9731156,"Bitcoin Up or Down - March 19, 7:10PM-7:15PM ET"
1773961993,2026-03-19 23:13:13,SELL,Down,0.29,13.0,3.7699999999999996,"Bitcoin Up or Down - March 19, 7:10PM-7:15PM ET"
1773961997,2026-03-19 23:13:17,SELL,Up,0.46,13.0,5.98,"Bitcoin Up or Down - March 19, 7:10PM-7:15PM ET"
1773961997,2026-03-19 23:13:17,BUY,Down,0.51,15.7502,8.032602,"Bitcoin Up or Down - March 19, 7:10PM-7:15PM ET"
1773961997,2026-03-19 23:13:17,BUY,Down,0.48,14.76638,7.0878624,"Bitcoin Up or Down - March 19, 7:10PM-7:15PM ET"
1773962025,2026-03-19 23:13:45,SELL,Up,0.39,12.0,4.68,"Bitcoin Up or Down - March 19, 7:10PM-7:15PM ET"
1773962067,2026-03-19 23:14:27,,,0.0,510.56794,0.0,"Bitcoin Up or Down - March 19, 7:05PM-7:10PM ET"
1773962071,2026-03-19 23:14:31,SELL,Up,0.28,12.0,3.3600000000000003,"Bitcoin Up or Down - March 19, 7:10PM-7:15PM ET"
1773962071,2026-03-19 23:14:31,SELL,Up,0.3,12.0,3.5999999999999996,"Bitcoin Up or Down - March 19, 7:10PM-7:15PM ET"
1773962097,2026-03-19 23:14:57,SELL,Up,0.02,12.0,0.24,"Bitcoin Up or Down - March 19, 7:10PM-7:15PM ET"
1773962097,2026-03-19 23:14:57,SELL,Up,0.02,12.0,0.24,"Bitcoin Up or Down - March 19, 7:10PM-7:15PM ET"
1773962097,2026-03-19 23:14:57,SELL,Up,0.02,14.0,0.28,"Bitcoin Up or Down - March 19, 7:10PM-7:15PM ET"
1773962101,2026-03-19 23:15:01,SELL,Up,0.03,14.0,0.42,"Bitcoin Up or Down - March 19, 7:10PM-7:15PM ET"
1773962101,2026-03-19 23:15:01,BUY,Up,0.02,13.99866,0.2799732,"Bitcoin Up or Down - March 19, 7:10PM-7:15PM ET"
1773962105,2026-03-19 23:15:05,,,0.5,700.0,350.0,"Bitcoin Up or Down - March 19, 7:25PM-7:30PM ET"
1773962111,2026-03-19 23:15:11,SELL,Up,0.44,12.0,5.28,"Bitcoin Up or Down - March 19, 7:15PM-7:20PM ET"
1773962113,2026-03-19 23:15:13,SELL,Up,0.40123333333333333,12.0,4.8148,"Bitcoin Up or Down - March 19, 7:15PM-7:20PM ET"
1773962113,2026-03-19 23:15:13,SELL,Up,0.37,17.0,6.29,"Bitcoin Up or Down - March 19, 7:15PM-7:20PM ET"
1773962115,2026-03-19 23:15:15,SELL,Down,0.48,9.0,4.32,"Bitcoin Up or Down - March 19, 7:15PM-7:20PM ET"
1773962115,2026-03-19 23:15:15,SELL,Up,0.38,12.0,4.5600000000000005,"Bitcoin Up or Down - March 19, 7:15PM-7:20PM ET"
1773962117,2026-03-19 23:15:17,SELL,Up,0.44,13.0,5.72,"Bitcoin Up or Down - March 19, 7:15PM-7:20PM ET"
1773962119,2026-03-19 23:15:19,SELL,Up,0.32,12.0,3.84,"Bitcoin Up or Down - March 19, 7:15PM-7:20PM ET"
1773962119,2026-03-19 23:15:19,SELL,Up,0.27,15.0,4.050000000000001,"Bitcoin Up or Down - March 19, 7:15PM-7:20PM ET"
1773962119,2026-03-19 23:15:19,SELL,Up,0.27,44.0,11.88,"Bitcoin Up or Down - March 19, 7:15PM-7:20PM ET"
1773962121,2026-03-19 23:15:21,BUY,Up,0.26,11.88895,3.091127,"Bitcoin Up or Down - March 19, 7:15PM-7:20PM ET"
1773962121,2026-03-19 23:15:21,SELL,Up,0.26,12.0,3.12,"Bitcoin Up or Down - March 19, 7:15PM-7:20PM ET"
1773962125,2026-03-19 23:15:25,BUY,Up,0.3,11.8677,3.56031,"Bitcoin Up or Down - March 19, 7:15PM-7:20PM ET"
1773962125,2026-03-19 23:15:25,SELL,Up,0.36,15.0,5.3999999999999995,"Bitcoin Up or Down - March 19, 7:15PM-7:20PM ET"
1773962125,2026-03-19 23:15:25,SELL,Up,0.28,12.0,3.3600000000000003,"Bitcoin Up or Down - March 19, 7:15PM-7:20PM ET"
1773962125,2026-03-19 23:15:25,BUY,Up,0.3,12.85668,3.857004,"Bitcoin Up or Down - March 19, 7:15PM-7:20PM ET"
1773962127,2026-03-19 23:15:27,SELL,Up,0.32,13.0,4.16,"Bitcoin Up or Down - March 19, 7:15PM-7:20PM ET"
1773962127,2026-03-19 23:15:27,SELL,Up,0.26716666666666666,15.0,4.0075,"Bitcoin Up or Down - March 19, 7:15PM-7:20PM ET"
1773962127,2026-03-19 23:15:27,SELL,Up,0.26,12.0,3.12,"Bitcoin Up or Down - March 19, 7:15PM-7:20PM ET"
1773962129,2026-03-19 23:15:29,BUY,Up,0.27,12.87375,3.4759125,"Bitcoin Up or Down - March 19, 7:15PM-7:20PM ET"
1773962131,2026-03-19 23:15:31,BUY,Up,0.35,11.84474,4.145658999999999,"Bitcoin Up or Down - March 19, 7:15PM-7:20PM ET"
1773962131,2026-03-19 23:15:31,BUY,Up,0.31,12.85131,3.9839061,"Bitcoin Up or Down - March 19, 7:15PM-7:20PM ET"
1773962131,2026-03-19 23:15:31,BUY,Up,0.31,12.85131,3.9839061,"Bitcoin Up or Down - March 19, 7:15PM-7:20PM ET"
1773962131,2026-03-19 23:15:31,BUY,Up,0.3,11.8677,3.56031,"Bitcoin Up or Down - March 19, 7:15PM-7:20PM ET"
1773962131,2026-03-19 23:15:31,BUY,Up,0.3,11.8677,3.56031,"Bitcoin Up or Down - March 19, 7:15PM-7:20PM ET"
1773962139,2026-03-19 23:15:39,SELL,Up,0.26,12.0,3.12,"Bitcoin Up or Down - March 19, 7:15PM-7:20PM ET"
1773962139,2026-03-19 23:15:39,SELL,Up,0.26384615384615384,13.0,3.4299999999999997,"Bitcoin Up or Down - March 19, 7:15PM-7:20PM ET"
1773962147,2026-03-19 23:15:47,SELL,Up,0.26,12.0,3.12,"Bitcoin Up or Down - March 19, 7:15PM-7:20PM ET"
1773962151,2026-03-19 23:15:51,SELL,Up,0.24,15.0,3.5999999999999996,"Bitcoin Up or Down - March 19, 7:15PM-7:20PM ET"
1773962153,2026-03-19 23:15:53,SELL,Up,0.21,12.0,2.52,"Bitcoin Up or Down - March 19, 7:15PM-7:20PM ET"
1773962153,2026-03-19 23:15:53,SELL,Up,0.22,12.0,2.64,"Bitcoin Up or Down - March 19, 7:15PM-7:20PM ET"
1773962155,2026-03-19 23:15:55,BUY,Up,0.21,11.91744,2.5026623999999997,"Bitcoin Up or Down - March 19, 7:15PM-7:20PM ET"
1773962155,2026-03-19 23:15:55,SELL,Up,0.18,19.0,3.42,"Bitcoin Up or Down - March 19, 7:15PM-7:20PM ET"
1773962155,2026-03-19 23:15:55,SELL,Up,0.21,15.0,3.15,"Bitcoin Up or Down - March 19, 7:15PM-7:20PM ET"
1773962157,2026-03-19 23:15:57,BUY,Up,0.24261666666666667,11.89871,2.886825357833333,"Bitcoin Up or Down - March 19, 7:15PM-7:20PM ET"
1773962157,2026-03-19 23:15:57,BUY,Up,0.24,11.9002,2.856048,"Bitcoin Up or Down - March 19, 7:15PM-7:20PM ET"
1773962161,2026-03-19 23:16:01,BUY,Up,0.29,11.87282,3.4431178,"Bitcoin Up or Down - March 19, 7:15PM-7:20PM ET"
1773962161,2026-03-19 23:16:01,BUY,Up,0.28,11.87808,3.3258624000000006,"Bitcoin Up or Down - March 19, 7:15PM-7:20PM ET"
1773962165,2026-03-19 23:16:05,BUY,Up,0.31,11.86275,3.6774525000000002,"Bitcoin Up or Down - March 19, 7:15PM-7:20PM ET"
1773962167,2026-03-19 23:16:07,BUY,Up,0.3241769230769231,12.84401,4.163731641769231,"Bitcoin Up or Down - March 19, 7:15PM-7:20PM ET"
1773962169,2026-03-19 23:16:09,BUY,Up,0.33,11.85335,3.9116055000000003,"Bitcoin Up or Down - March 19, 7:15PM-7:20PM ET"
1773962171,2026-03-19 23:16:11,SELL,Up,0.27,12.0,3.24,"Bitcoin Up or Down - March 19, 7:15PM-7:20PM ET"
1773962173,2026-03-19 23:16:13,SELL,Up,0.27,14.0,3.7800000000000002,"Bitcoin Up or Down - March 19, 7:15PM-7:20PM ET"
1773962183,2026-03-19 23:16:23,SELL,Up,0.2,22.0,4.4,"Bitcoin Up or Down - March 19, 7:15PM-7:20PM ET"
1773962185,2026-03-19 23:16:25,BUY,Up,0.29,12.86222,3.7300438,"Bitcoin Up or Down - March 19, 7:15PM-7:20PM ET"
1773962185,2026-03-19 23:16:25,BUY,Up,0.28181538461538463,12.86687,3.6260819178461543,"Bitcoin Up or Down - March 19, 7:15PM-7:20PM ET"
1773962187,2026-03-19 23:16:27,BUY,Up,0.28,14.8476,4.157328000000001,"Bitcoin Up or Down - March 19, 7:15PM-7:20PM ET"
1773962189,2026-03-19 23:16:29,,,0.0,601.60516,0.0,"Bitcoin Up or Down - March 19, 7:10PM-7:15PM ET"
1773962199,2026-03-19 23:16:39,SELL,Up,0.2,12.0,2.4000000000000004,"Bitcoin Up or Down - March 19, 7:15PM-7:20PM ET"
1773962199,2026-03-19 23:16:39,SELL,Up,0.2,13.0,2.6,"Bitcoin Up or Down - March 19, 7:15PM-7:20PM ET"
1773962201,2026-03-19 23:16:41,SELL,Up,0.21,12.0,2.52,"Bitcoin Up or Down - March 19, 7:15PM-7:20PM ET"
1773962203,2026-03-19 23:16:43,SELL,Up,0.19,14.0,2.66,"Bitcoin Up or Down - March 19, 7:15PM-7:20PM ET"
1773962207,2026-03-19 23:16:47,SELL,Up,0.1409,12.0,1.6907999999999999,"Bitcoin Up or Down - March 19, 7:15PM-7:20PM ET"
1773962207,2026-03-19 23:16:47,SELL,Up,0.15,16.0,2.4,"Bitcoin Up or Down - March 19, 7:15PM-7:20PM ET"
1773962209,2026-03-19 23:16:49,SELL,Up,0.12241666666666666,12.0,1.4689999999999999,"Bitcoin Up or Down - March 19, 7:15PM-7:20PM ET"
1773962209,2026-03-19 23:16:49,SELL,Up,0.13,12.0,1.56,"Bitcoin Up or Down - March 19, 7:15PM-7:20PM ET"
1773962211,2026-03-19 23:16:51,SELL,Up,0.12,24.0,2.88,"Bitcoin Up or Down - March 19, 7:15PM-7:20PM ET"
1773962211,2026-03-19 23:16:51,SELL,Up,0.12,16.0,1.92,"Bitcoin Up or Down - March 19, 7:15PM-7:20PM ET"
1773962217,2026-03-19 23:16:57,BUY,Up,0.14,11.95652,1.6739128,"Bitcoin Up or Down - March 19, 7:15PM-7:20PM ET"
1773962219,2026-03-19 23:16:59,BUY,Up,0.14,12.95289,1.8134046000000001,"Bitcoin Up or Down - March 19, 7:15PM-7:20PM ET"
1773962225,2026-03-19 23:17:05,BUY,Up,0.15430625,15.93189,2.4583902013125,"Bitcoin Up or Down - March 19, 7:15PM-7:20PM ET"
1773962229,2026-03-19 23:17:09,SELL,Up,0.12,13.0,1.56,"Bitcoin Up or Down - March 19, 7:15PM-7:20PM ET"
1773962237,2026-03-19 23:17:17,BUY,Up,0.16,12.9413,2.070608,"Bitcoin Up or Down - March 19, 7:15PM-7:20PM ET"
1773962237,2026-03-19 23:17:17,BUY,Up,0.17,11.94028,2.0298476,"Bitcoin Up or Down - March 19, 7:15PM-7:20PM ET"
1773962239,2026-03-19 23:17:19,SELL,Up,0.12,13.0,1.56,"Bitcoin Up or Down - March 19, 7:15PM-7:20PM ET"
1773962243,2026-03-19 23:17:23,SELL,Up,0.11,14.0,1.54,"Bitcoin Up or Down - March 19, 7:15PM-7:20PM ET"
1773962243,2026-03-19 23:17:23,SELL,Up,0.12,12.0,1.44,"Bitcoin Up or Down - March 19, 7:15PM-7:20PM ET"
1773962245,2026-03-19 23:17:25,SELL,Up,0.1,12.0,1.2000000000000002,"Bitcoin Up or Down - March 19, 7:15PM-7:20PM ET"
1773962245,2026-03-19 23:17:25,SELL,Up,0.1,12.0,1.2000000000000002,"Bitcoin Up or Down - March 19, 7:15PM-7:20PM ET"
1773962247,2026-03-19 23:17:27,SELL,Up,0.09,16.0,1.44,"Bitcoin Up or Down - March 19, 7:15PM-7:20PM ET"
1773962249,2026-03-19 23:17:29,SELL,Up,0.08,14.0,1.12,"Bitcoin Up or Down - March 19, 7:15PM-7:20PM ET"
1773962249,2026-03-19 23:17:29,SELL,Up,0.08,12.0,0.96,"Bitcoin Up or Down - March 19, 7:15PM-7:20PM ET"
1773962251,2026-03-19 23:17:31,BUY,Up,0.1,12.97368,1.297368,"Bitcoin Up or Down - March 19, 7:15PM-7:20PM ET"
1773962263,2026-03-19 23:17:43,BUY,Up,0.06,11.99046,0.7194276000000001,"Bitcoin Up or Down - March 19, 7:15PM-7:20PM ET"
1773962265,2026-03-19 23:17:45,BUY,Up,0.07,11.98729,0.8391103000000001,"Bitcoin Up or Down - March 19, 7:15PM-7:20PM ET"
1773962265,2026-03-19 23:17:45,BUY,Up,0.07,13.98517,0.9789619,"Bitcoin Up or Down - March 19, 7:15PM-7:20PM ET"
1773962285,2026-03-19 23:18:05,BUY,Up,0.08,11.98375,0.9587000000000001,"Bitcoin Up or Down - March 19, 7:15PM-7:20PM ET"
1773962285,2026-03-19 23:18:05,BUY,Up,0.08,11.98375,0.9587000000000001,"Bitcoin Up or Down - March 19, 7:15PM-7:20PM ET"
1773962285,2026-03-19 23:18:05,BUY,Up,0.068,12.98695,0.8831126,"Bitcoin Up or Down - March 19, 7:15PM-7:20PM ET"
1773962295,2026-03-19 23:18:15,SELL,Up,0.03,13.0,0.39,"Bitcoin Up or Down - March 19, 7:15PM-7:20PM ET"
1773962301,2026-03-19 23:18:21,SELL,Up,0.03,34.0,1.02,"Bitcoin Up or Down - March 19, 7:15PM-7:20PM ET"
1773962301,2026-03-19 23:18:21,SELL,Up,0.03,12.0,0.36,"Bitcoin Up or Down - March 19, 7:15PM-7:20PM ET"
1773962301,2026-03-19 23:18:21,SELL,Up,0.03,12.0,0.36,"Bitcoin Up or Down - March 19, 7:15PM-7:20PM ET"
1773962303,2026-03-19 23:18:23,BUY,Up,0.04,11.99558,0.4798232,"Bitcoin Up or Down - March 19, 7:15PM-7:20PM ET"
1773962315,2026-03-19 23:18:35,SELL,Up,0.02,1.0,0.02,"Bitcoin Up or Down - March 19, 7:15PM-7:20PM ET"
1773962315,2026-03-19 23:18:35,SELL,Up,0.02,5.0,0.1,"Bitcoin Up or Down - March 19, 7:15PM-7:20PM ET"
1773962315,2026-03-19 23:18:35,SELL,Up,0.02,14.0,0.28,"Bitcoin Up or Down - March 19, 7:15PM-7:20PM ET"
1773962315,2026-03-19 23:18:35,SELL,Up,0.02,7.0,0.14,"Bitcoin Up or Down - March 19, 7:15PM-7:20PM ET"
1773962315,2026-03-19 23:18:35,SELL,Up,0.02,1.0,0.02,"Bitcoin Up or Down - March 19, 7:15PM-7:20PM ET"
1773962315,2026-03-19 23:18:35,SELL,Up,0.02,5.0,0.1,"Bitcoin Up or Down - March 19, 7:15PM-7:20PM ET"
1773962317,2026-03-19 23:18:37,SELL,Up,0.02,5.0,0.1,"Bitcoin Up or Down - March 19, 7:15PM-7:20PM ET"
1773962319,2026-03-19 23:18:39,SELL,Up,0.02,13.0,0.26,"Bitcoin Up or Down - March 19, 7:15PM-7:20PM ET"
1773962319,2026-03-19 23:18:39,BUY,Up,0.02,11.99885,0.239977,"Bitcoin Up or Down - March 19, 7:15PM-7:20PM ET"
1773962319,2026-03-19 23:18:39,BUY,Up,0.02,11.99885,0.239977,"Bitcoin Up or Down - March 19, 7:15PM-7:20PM ET"
1773962325,2026-03-19 23:18:45,BUY,Up,0.01,11.99971,0.11999710000000001,"Bitcoin Up or Down - March 19, 7:15PM-7:20PM ET"
1773962325,2026-03-19 23:18:45,BUY,Up,0.01,11.99971,0.11999710000000001,"Bitcoin Up or Down - March 19, 7:15PM-7:20PM ET"
1773962331,2026-03-19 23:18:51,BUY,Up,0.01,11.99971,0.11999710000000001,"Bitcoin Up or Down - March 19, 7:15PM-7:20PM ET"
1773962335,2026-03-19 23:18:55,BUY,Up,0.01,16.99959,0.1699959,"Bitcoin Up or Down - March 19, 7:15PM-7:20PM ET"
1773962363,2026-03-19 23:19:23,BUY,Up,0.01,11.99971,0.11999710000000001,"Bitcoin Up or Down - March 19, 7:15PM-7:20PM ET"
1773962363,2026-03-19 23:19:23,BUY,Up,0.01,14.99964,0.1499964,"Bitcoin Up or Down - March 19, 7:15PM-7:20PM ET"
1773962363,2026-03-19 23:19:23,BUY,Up,0.01,13.99966,0.1399966,"Bitcoin Up or Down - March 19, 7:15PM-7:20PM ET"
1773962365,2026-03-19 23:19:25,BUY,Up,0.01,14.99964,0.1499964,"Bitcoin Up or Down - March 19, 7:15PM-7:20PM ET"
1773962365,2026-03-19 23:19:25,BUY,Up,0.01,11.99971,0.11999710000000001,"Bitcoin Up or Down - March 19, 7:15PM-7:20PM ET"
1773962365,2026-03-19 23:19:25,BUY,Up,0.01,11.99971,0.11999710000000001,"Bitcoin Up or Down - March 19, 7:15PM-7:20PM ET"
1773962373,2026-03-19 23:19:33,BUY,Up,0.01,11.99971,0.11999710000000001,"Bitcoin Up or Down - March 19, 7:15PM-7:20PM ET"
1773962373,2026-03-19 23:19:33,BUY,Up,0.01,12.99969,0.1299969,"Bitcoin Up or Down - March 19, 7:15PM-7:20PM ET"
1773962373,2026-03-19 23:19:33,BUY,Up,0.01,11.99971,0.11999710000000001,"Bitcoin Up or Down - March 19, 7:15PM-7:20PM ET"
1773962375,2026-03-19 23:19:35,BUY,Up,0.01,14.99964,0.1499964,"Bitcoin Up or Down - March 19, 7:15PM-7:20PM ET"
1773962405,2026-03-19 23:20:05,SELL,Up,0.57,5.0,2.8499999999999996,"Bitcoin Up or Down - March 19, 7:20PM-7:25PM ET"
1773962417,2026-03-19 23:20:17,,,0.0,141.51377,0.0,"Bitcoin Up or Down - March 19, 7:05PM-7:10PM ET"
1773962427,2026-03-19 23:20:27,,,0.5,700.0,350.0,"Bitcoin Up or Down - March 19, 7:30PM-7:35PM ET"
1773962427,2026-03-19 23:20:27,SELL,Down,0.41,18.0,7.38,"Bitcoin Up or Down - March 19, 7:20PM-7:25PM ET"
1773962427,2026-03-19 23:20:27,SELL,Down,0.41,12.0,4.92,"Bitcoin Up or Down - March 19, 7:20PM-7:25PM ET"
1773962449,2026-03-19 23:20:49,BUY,Down,0.5346,12.79882,6.842249171999999,"Bitcoin Up or Down - March 19, 7:20PM-7:25PM ET"
1773962449,2026-03-19 23:20:49,BUY,Down,0.47,15.7518,7.403345999999999,"Bitcoin Up or Down - March 19, 7:20PM-7:25PM ET"
1773962451,2026-03-19 23:20:51,BUY,Up,0.46,13.78405,6.340663,"Bitcoin Up or Down - March 19, 7:20PM-7:25PM ET"
1773962451,2026-03-19 23:20:51,SELL,Up,0.42,15.0,6.3,"Bitcoin Up or Down - March 19, 7:20PM-7:25PM ET"
1773962451,2026-03-19 23:20:51,SELL,Up,0.45,12.0,5.4,"Bitcoin Up or Down - March 19, 7:20PM-7:25PM ET"
1773962451,2026-03-19 23:20:51,SELL,Up,0.46,12.0,5.5200000000000005,"Bitcoin Up or Down - March 19, 7:20PM-7:25PM ET"
1773962453,2026-03-19 23:20:53,SELL,Up,0.43,13.0,5.59,"Bitcoin Up or Down - March 19, 7:20PM-7:25PM ET"
1773962469,2026-03-19 23:21:09,BUY,Up,0.47,11.81385,5.5525095,"Bitcoin Up or Down - March 19, 7:20PM-7:25PM ET"
1773962473,2026-03-19 23:21:13,SELL,Up,0.41,12.0,4.92,"Bitcoin Up or Down - March 19, 7:20PM-7:25PM ET"
1773962473,2026-03-19 23:21:13,SELL,Up,0.41,13.0,5.33,"Bitcoin Up or Down - March 19, 7:20PM-7:25PM ET"
1773962477,2026-03-19 23:21:17,BUY,Up,0.45,12.80092,5.760414,"Bitcoin Up or Down - March 19, 7:20PM-7:25PM ET"
1773962479,2026-03-19 23:21:19,BUY,Up,0.49,14.76582,7.2352517999999995,"Bitcoin Up or Down - March 19, 7:20PM-7:25PM ET"
1773962479,2026-03-19 23:21:19,BUY,Up,0.46,12.79947,5.8877562,"Bitcoin Up or Down - March 19, 7:20PM-7:25PM ET"
1773962485,2026-03-19 23:21:25,SELL,Down,0.47,15.0,7.05,"Bitcoin Up or Down - March 19, 7:20PM-7:25PM ET"
1773962487,2026-03-19 23:21:27,SELL,Up,0.44,12.0,5.28,"Bitcoin Up or Down - March 19, 7:20PM-7:25PM ET"
1773962489,2026-03-19 23:21:29,SELL,Up,0.44,12.0,5.28,"Bitcoin Up or Down - March 19, 7:20PM-7:25PM ET"
1773962491,2026-03-19 23:21:31,SELL,Up,0.41,13.0,5.33,"Bitcoin Up or Down - March 19, 7:20PM-7:25PM ET"
1773962491,2026-03-19 23:21:31,SELL,Up,0.39071428571428574,14.0,5.470000000000001,"Bitcoin Up or Down - March 19, 7:20PM-7:25PM ET"
1773962495,2026-03-19 23:21:35,BUY,Up,0.44,11.81787,5.1998628,"Bitcoin Up or Down - March 19, 7:20PM-7:25PM ET"
1773962495,2026-03-19 23:21:35,BUY,Up,0.45615384615384613,12.79999,5.838764669230769,"Bitcoin Up or Down - March 19, 7:20PM-7:25PM ET"
1773962503,2026-03-19 23:21:43,SELL,Up,0.38,13.0,4.94,"Bitcoin Up or Down - March 19, 7:20PM-7:25PM ET"
1773962507,2026-03-19 23:21:47,SELL,Up,0.38,13.0,4.94,"Bitcoin Up or Down - March 19, 7:20PM-7:25PM ET"
1773962507,2026-03-19 23:21:47,SELL,Up,0.36,13.0,4.68,"Bitcoin Up or Down - March 19, 7:20PM-7:25PM ET"
1773962509,2026-03-19 23:21:49,BUY,Up,0.39,11.83022,4.6137858000000005,"Bitcoin Up or Down - March 19, 7:20PM-7:25PM ET"
1773962527,2026-03-19 23:22:07,SELL,Up,0.27,31.0,8.370000000000001,"Bitcoin Up or Down - March 19, 7:20PM-7:25PM ET"
1773962527,2026-03-19 23:22:07,SELL,Up,0.25,25.0,6.25,"Bitcoin Up or Down - March 19, 7:20PM-7:25PM ET"
1773962527,2026-03-19 23:22:07,SELL,Up,0.26,12.0,3.12,"Bitcoin Up or Down - March 19, 7:20PM-7:25PM ET"
1773962529,2026-03-19 23:22:09,BUY,Up,0.28,15.83743,4.4344804,"Bitcoin Up or Down - March 19, 7:20PM-7:25PM ET"
1773962533,2026-03-19 23:22:13,SELL,Up,0.17,35.0,5.95,"Bitcoin Up or Down - March 19, 7:20PM-7:25PM ET"
1773962533,2026-03-19 23:22:13,SELL,Up,0.15,19.0,2.85,"Bitcoin Up or Down - March 19, 7:20PM-7:25PM ET"
1773962533,2026-03-19 23:22:13,SELL,Up,0.17,15.0,2.5500000000000003,"Bitcoin Up or Down - March 19, 7:20PM-7:25PM ET"
1773962535,2026-03-19 23:22:15,BUY,Up,0.2,13.9104,2.78208,"Bitcoin Up or Down - March 19, 7:20PM-7:25PM ET"
1773962535,2026-03-19 23:22:15,BUY,Up,0.16,11.94581,1.9113296,"Bitcoin Up or Down - March 19, 7:20PM-7:25PM ET"
1773962537,2026-03-19 23:22:17,BUY,Up,0.2,11.9232,2.38464,"Bitcoin Up or Down - March 19, 7:20PM-7:25PM ET"
1773962541,2026-03-19 23:22:21,BUY,Up,0.23,11.90591,2.7383593000000004,"Bitcoin Up or Down - March 19, 7:20PM-7:25PM ET"
1773962543,2026-03-19 23:22:23,,,0.0,88.76377,0.0,"Bitcoin Up or Down - March 19, 7:10PM-7:15PM ET"
1773962549,2026-03-19 23:22:29,SELL,Up,0.16,13.0,2.08,"Bitcoin Up or Down - March 19, 7:20PM-7:25PM ET"
1773962549,2026-03-19 23:22:29,SELL,Up,0.16,24.0,3.84,"Bitcoin Up or Down - March 19, 7:20PM-7:25PM ET"
1773962549,2026-03-19 23:22:29,BUY,Up,0.18,11.93465,2.148237,"Bitcoin Up or Down - March 19, 7:20PM-7:25PM ET"
1773962555,2026-03-19 23:22:35,BUY,Up,0.21,11.91744,2.5026623999999997,"Bitcoin Up or Down - March 19, 7:20PM-7:25PM ET"
1773962563,2026-03-19 23:22:43,BUY,Up,0.21,13.90368,2.9197727999999996,"Bitcoin Up or Down - March 19, 7:20PM-7:25PM ET"
1773962567,2026-03-19 23:22:47,BUY,Up,0.26,11.88895,3.091127,"Bitcoin Up or Down - March 19, 7:20PM-7:25PM ET"
1773962573,2026-03-19 23:22:53,BUY,Up,0.29,11.87282,3.4431178,"Bitcoin Up or Down - March 19, 7:20PM-7:25PM ET"
1773962573,2026-03-19 23:22:53,BUY,Up,0.29,22.75623,6.599306699999999,"Bitcoin Up or Down - March 19, 7:20PM-7:25PM ET"
1773962585,2026-03-19 23:23:05,BUY,Up,0.34,11.84894,4.028639600000001,"Bitcoin Up or Down - March 19, 7:20PM-7:25PM ET"
1773962591,2026-03-19 23:23:11,BUY,Up,0.41,11.82446,4.8480286,"Bitcoin Up or Down - March 19, 7:20PM-7:25PM ET"
1773962591,2026-03-19 23:23:11,BUY,Up,0.37,12.82341,4.7446617,"Bitcoin Up or Down - March 19, 7:20PM-7:25PM ET"
1773962593,2026-03-19 23:23:13,BUY,Up,0.44,11.81787,5.1998628,"Bitcoin Up or Down - March 19, 7:20PM-7:25PM ET"
1773962601,2026-03-19 23:23:21,BUY,Up,0.5,11.8125,5.90625,"Bitcoin Up or Down - March 19, 7:20PM-7:25PM ET"
1773962603,2026-03-19 23:23:23,SELL,Down,0.47,13.0,6.109999999999999,"Bitcoin Up or Down - March 19, 7:20PM-7:25PM ET"
1773962615,2026-03-19 23:23:35,SELL,Down,0.41,12.0,4.92,"Bitcoin Up or Down - March 19, 7:20PM-7:25PM ET"
1773962621,2026-03-19 23:23:41,SELL,Up,0.31,14.0,4.34,"Bitcoin Up or Down - March 19, 7:20PM-7:25PM ET"
1773962621,2026-03-19 23:23:41,SELL,Up,0.37,13.0,4.81,"Bitcoin Up or Down - March 19, 7:20PM-7:25PM ET"
1773962621,2026-03-19 23:23:41,SELL,Up,0.36,12.0,4.32,"Bitcoin Up or Down - March 19, 7:20PM-7:25PM ET"
1773962621,2026-03-19 23:23:41,SELL,Up,0.40426923076923077,13.0,5.2555,"Bitcoin Up or Down - March 19, 7:20PM-7:25PM ET"
1773962621,2026-03-19 23:23:41,BUY,Down,0.57,11.81978,6.737274599999999,"Bitcoin Up or Down - March 19, 7:20PM-7:25PM ET"
1773962625,2026-03-19 23:23:45,BUY,Up,0.44095,11.8177,5.211014815,"Bitcoin Up or Down - March 19, 7:20PM-7:25PM ET"
1773962625,2026-03-19 23:23:45,BUY,Up,0.43,11.81978,5.0825054,"Bitcoin Up or Down - March 19, 7:20PM-7:25PM ET"
1773962627,2026-03-19 23:23:47,BUY,Up,0.49,15.7502,7.717598,"Bitcoin Up or Down - March 19, 7:20PM-7:25PM ET"
1773962627,2026-03-19 23:23:47,SELL,Up,0.43,16.0,6.88,"Bitcoin Up or Down - March 19, 7:20PM-7:25PM ET"
1773962631,2026-03-19 23:23:51,SELL,Up,0.34,13.0,4.42,"Bitcoin Up or Down - March 19, 7:20PM-7:25PM ET"
1773962633,2026-03-19 23:23:53,SELL,Up,0.26,15.0,3.9000000000000004,"Bitcoin Up or Down - March 19, 7:20PM-7:25PM ET"
1773962641,2026-03-19 23:24:01,SELL,Up,0.23,17.0,3.91,"Bitcoin Up or Down - March 19, 7:20PM-7:25PM ET"
1773962663,2026-03-19 23:24:23,SELL,Up,0.04,13.0,0.52,"Bitcoin Up or Down - March 19, 7:20PM-7:25PM ET"
1773962663,2026-03-19 23:24:23,SELL,Up,0.08,13.0,1.04,"Bitcoin Up or Down - March 19, 7:20PM-7:25PM ET"
1773962663,2026-03-19 23:24:23,SELL,Up,0.06,12.0,0.72,"Bitcoin Up or Down - March 19, 7:20PM-7:25PM ET"
1773962667,2026-03-19 23:24:27,,,0.0,564.97664,0.0,"Bitcoin Up or Down - March 19, 7:15PM-7:20PM ET"
1773962675,2026-03-19 23:24:35,BUY,Up,0.1,11.9757,1.19757,"Bitcoin Up or Down - March 19, 7:20PM-7:25PM ET"
1773962675,2026-03-19 23:24:35,BUY,Up,0.05,11.99324,0.599662,"Bitcoin Up or Down - March 19, 7:20PM-7:25PM ET"
1773962677,2026-03-19 23:24:37,BUY,Up,0.11,12.96886,1.4265746,"Bitcoin Up or Down - March 19, 7:20PM-7:25PM ET"
1773962679,2026-03-19 23:24:39,BUY,Up,0.16,11.94581,1.9113296,"Bitcoin Up or Down - March 19, 7:20PM-7:25PM ET"
1773962679,2026-03-19 23:24:39,BUY,Up,0.23,11.90591,2.7383593000000004,"Bitcoin Up or Down - March 19, 7:20PM-7:25PM ET"
1773962679,2026-03-19 23:24:39,BUY,Up,0.16,12.9413,2.070608,"Bitcoin Up or Down - March 19, 7:20PM-7:25PM ET"
1773962683,2026-03-19 23:24:43,SELL,Up,0.09,14.0,1.26,"Bitcoin Up or Down - March 19, 7:20PM-7:25PM ET"
1773962689,2026-03-19 23:24:49,BUY,Up,0.26,12.8797,3.348722,"Bitcoin Up or Down - March 19, 7:20PM-7:25PM ET"
1773962695,2026-03-19 23:24:55,BUY,Up,0.37,14.79625,5.4746125,"Bitcoin Up or Down - March 19, 7:20PM-7:25PM ET"
1773962695,2026-03-19 23:24:55,BUY,Up,0.35,16.78004,5.8730139999999995,"Bitcoin Up or Down - March 19, 7:20PM-7:25PM ET"
1773962697,2026-03-19 23:24:57,SELL,Down,0.35925555555555555,18.0,6.4666,"Bitcoin Up or Down - March 19, 7:20PM-7:25PM ET"
1773962705,2026-03-19 23:25:05,SELL,Down,0.42,21.0,8.82,"Bitcoin Up or Down - March 19, 7:25PM-7:30PM ET"
1773962709,2026-03-19 23:25:09,SELL,Down,0.45,12.0,5.4,"Bitcoin Up or Down - March 19, 7:25PM-7:30PM ET"
1773962709,2026-03-19 23:25:09,BUY,Down,0.46,16.73777,7.699374200000001,"Bitcoin Up or Down - March 19, 7:25PM-7:30PM ET"
1773962711,2026-03-19 23:25:11,SELL,Down,0.39,12.0,4.68,"Bitcoin Up or Down - March 19, 7:25PM-7:30PM ET"
1773962711,2026-03-19 23:25:11,SELL,Down,0.4,12.0,4.800000000000001,"Bitcoin Up or Down - March 19, 7:25PM-7:30PM ET"
1773962713,2026-03-19 23:25:13,SELL,Down,0.38,14.0,5.32,"Bitcoin Up or Down - March 19, 7:25PM-7:30PM ET"
1773962715,2026-03-19 23:25:15,SELL,Down,0.35,12.0,4.199999999999999,"Bitcoin Up or Down - March 19, 7:25PM-7:30PM ET"
1773962721,2026-03-19 23:25:21,SELL,Down,0.35,12.0,4.199999999999999,"Bitcoin Up or Down - March 19, 7:25PM-7:30PM ET"
1773962723,2026-03-19 23:25:23,SELL,Down,0.3,12.0,3.5999999999999996,"Bitcoin Up or Down - March 19, 7:25PM-7:30PM ET"
1773962735,2026-03-19 23:25:35,BUY,Down,0.41,11.82446,4.8480286,"Bitcoin Up or Down - March 19, 7:25PM-7:30PM ET"
1773962735,2026-03-19 23:25:35,BUY,Down,0.39586315789473686,18.72833,7.413855855894737,"Bitcoin Up or Down - March 19, 7:25PM-7:30PM ET"
1773962747,2026-03-19 23:25:47,,,0.5,700.0,350.0,"Bitcoin Up or Down - March 19, 7:35PM-7:40PM ET"
1773962749,2026-03-19 23:25:49,SELL,Down,0.2754333333333333,12.0,3.3051999999999997,"Bitcoin Up or Down - March 19, 7:25PM-7:30PM ET"
1773962749,2026-03-19 23:25:49,SELL,Down,0.28,12.0,3.3600000000000003,"Bitcoin Up or Down - March 19, 7:25PM-7:30PM ET"
1773962749,2026-03-19 23:25:49,SELL,Down,0.31,12.0,3.7199999999999998,"Bitcoin Up or Down - March 19, 7:25PM-7:30PM ET"
1773962749,2026-03-19 23:25:49,SELL,Down,0.3,12.0,3.5999999999999996,"Bitcoin Up or Down - March 19, 7:25PM-7:30PM ET"
1773962765,2026-03-19 23:26:05,SELL,Down,0.23204615384615385,13.0,3.0166,"Bitcoin Up or Down - March 19, 7:25PM-7:30PM ET"
1773962781,2026-03-19 23:26:21,BUY,Down,0.3,12.85668,3.857004,"Bitcoin Up or Down - March 19, 7:25PM-7:30PM ET"
1773962781,2026-03-19 23:26:21,BUY,Down,0.33,11.85335,3.9116055000000003,"Bitcoin Up or Down - March 19, 7:25PM-7:30PM ET"
1773962781,2026-03-19 23:26:21,BUY,Down,0.32,11.85796,3.7945472000000002,"Bitcoin Up or Down - March 19, 7:25PM-7:30PM ET"
1773962789,2026-03-19 23:26:29,,,0.0,652.3704,0.0,"Bitcoin Up or Down - March 19, 7:20PM-7:25PM ET"
1773962793,2026-03-19 23:26:33,SELL,Down,0.28,12.0,3.3600000000000003,"Bitcoin Up or Down - March 19, 7:25PM-7:30PM ET"
1773962797,2026-03-19 23:26:37,BUY,Down,0.36,11.84075,4.26267,"Bitcoin Up or Down - March 19, 7:25PM-7:30PM ET"
1773962799,2026-03-19 23:26:39,BUY,Down,0.36,11.84075,4.26267,"Bitcoin Up or Down - March 19, 7:25PM-7:30PM ET"
1773962815,2026-03-19 23:26:55,SELL,Down,0.31,12.0,3.7199999999999998,"Bitcoin Up or Down - March 19, 7:25PM-7:30PM ET"
1773962815,2026-03-19 23:26:55,SELL,Down,0.31,12.0,3.7199999999999998,"Bitcoin Up or Down - March 19, 7:25PM-7:30PM ET"
1773962835,2026-03-19 23:27:15,SELL,Down,0.22,16.0,3.52,"Bitcoin Up or Down - March 19, 7:25PM-7:30PM ET"
1773962841,2026-03-19 23:27:21,SELL,Down,0.2,12.0,2.4000000000000004,"Bitcoin Up or Down - March 19, 7:25PM-7:30PM ET"
1773962845,2026-03-19 23:27:25,SELL,Down,0.18,12.0,2.16,"Bitcoin Up or Down - March 19, 7:25PM-7:30PM ET"
1773962849,2026-03-19 23:27:29,SELL,Down,0.16,16.0,2.56,"Bitcoin Up or Down - March 19, 7:25PM-7:30PM ET"
1773962855,2026-03-19 23:27:35,SELL,Down,0.12,13.0,1.56,"Bitcoin Up or Down - March 19, 7:25PM-7:30PM ET"
1773962861,2026-03-19 23:27:41,SELL,Down,0.1,13.0,1.3,"Bitcoin Up or Down - March 19, 7:25PM-7:30PM ET"
1773962863,2026-03-19 23:27:43,SELL,Down,0.09,13.0,1.17,"Bitcoin Up or Down - March 19, 7:25PM-7:30PM ET"
1773962879,2026-03-19 23:27:59,SELL,Down,0.06,13.0,0.78,"Bitcoin Up or Down - March 19, 7:25PM-7:30PM ET"
1773962879,2026-03-19 23:27:59,SELL,Down,0.06,13.0,0.78,"Bitcoin Up or Down - March 19, 7:25PM-7:30PM ET"
1773962879,2026-03-19 23:27:59,SELL,Down,0.07,18.0,1.2600000000000002,"Bitcoin Up or Down - March 19, 7:25PM-7:30PM ET"
1773962883,2026-03-19 23:28:03,BUY,Down,0.07,11.98729,0.8391103000000001,"Bitcoin Up or Down - March 19, 7:25PM-7:30PM ET"
1773962883,2026-03-19 23:28:03,SELL,Down,0.06,12.0,0.72,"Bitcoin Up or Down - March 19, 7:25PM-7:30PM ET"
1773962887,2026-03-19 23:28:07,SELL,Down,0.04,12.0,0.48,"Bitcoin Up or Down - March 19, 7:25PM-7:30PM ET"
1773962887,2026-03-19 23:28:07,SELL,Down,0.04,18.0,0.72,"Bitcoin Up or Down - March 19, 7:25PM-7:30PM ET"
1773962887,2026-03-19 23:28:07,SELL,Down,0.05,15.0,0.75,"Bitcoin Up or Down - March 19, 7:25PM-7:30PM ET"
1773962887,2026-03-19 23:28:07,SELL,Down,0.05,12.0,0.6000000000000001,"Bitcoin Up or Down - March 19, 7:25PM-7:30PM ET"
1773962889,2026-03-19 23:28:09,SELL,Down,0.03,23.0,0.69,"Bitcoin Up or Down - March 19, 7:25PM-7:30PM ET"
1773962889,2026-03-19 23:28:09,SELL,Down,0.04,15.0,0.6,"Bitcoin Up or Down - March 19, 7:25PM-7:30PM ET"
1773962889,2026-03-19 23:28:09,SELL,Down,0.04,13.0,0.52,"Bitcoin Up or Down - March 19, 7:25PM-7:30PM ET"
1773962893,2026-03-19 23:28:13,BUY,Down,0.03,11.99746,0.3599238,"Bitcoin Up or Down - March 19, 7:25PM-7:30PM ET"
1773962893,2026-03-19 23:28:13,BUY,Down,0.03,11.99746,0.3599238,"Bitcoin Up or Down - March 19, 7:25PM-7:30PM ET"
1773962907,2026-03-19 23:28:27,SELL,Down,0.02,12.0,0.24,"Bitcoin Up or Down - March 19, 7:25PM-7:30PM ET"
1773962919,2026-03-19 23:28:39,SELL,Down,0.02,12.0,0.24,"Bitcoin Up or Down - March 19, 7:25PM-7:30PM ET"
