timestamp,time_utc,side,outcome,price,size,usdc,market
1774123655,2026-03-21 20:07:35,BUY,Up,0.36,10.0,3.5999999999999996,"Bitcoin Up or Down - March 21, 4:05PM-4:10PM ET"
1774123655,2026-03-21 20:07:35,BUY,Up,0.36,3.86,1.3896,"Bitcoin Up or Down - March 21, 4:05PM-4:10PM ET"
1774123655,2026-03-21 20:07:35,BUY,Down,0.63,10.0,6.3,"Bitcoin Up or Down - March 21, 4:05PM-4:10PM ET"
1774123655,2026-03-21 20:07:35,BUY,Up,0.36000017609044005,1.13578,0.408881,"Bitcoin Up or Down - March 21, 4:05PM-4:10PM ET"
1774123657,2026-03-21 20:07:37,,,0.0,69.976238,0.0,"Bitcoin Up or Down - March 21, 4:05PM-4:10PM ET"
1774123659,2026-03-21 20:07:39,BUY,Down,0.64,10.0,6.4,"Bitcoin Up or Down - March 21, 4:05PM-4:10PM ET"
1774123659,2026-03-21 20:07:39,BUY,Down,0.63,10.0,6.3,"Bitcoin Up or Down - March 21, 4:05PM-4:10PM ET"
1774123661,2026-03-21 20:07:41,BUY,Down,0.62,10.0,6.2,"Bitcoin Up or Down - March 21, 4:05PM-4:10PM ET"
1774123661,2026-03-21 20:07:41,BUY,Down,0.63,10.0,6.3,"Bitcoin Up or Down - March 21, 4:05PM-4:10PM ET"
1774123661,2026-03-21 20:07:41,BUY,Up,0.35,3.25,1.1375,"Bitcoin Up or Down - March 21, 4:05PM-4:10PM ET"
1774123661,2026-03-21 20:07:41,BUY,Up,0.35,3.67,1.2845,"Bitcoin Up or Down - March 21, 4:05PM-4:10PM ET"
1774123661,2026-03-21 20:07:41,BUY,Up,0.35,1.53846,0.538461,"Bitcoin Up or Down - March 21, 4:05PM-4:10PM ET"
1774123661,2026-03-21 20:07:41,BUY,Up,0.35,1.53846,0.538461,"Bitcoin Up or Down - March 21, 4:05PM-4:10PM ET"
1774123663,2026-03-21 20:07:43,BUY,Down,0.64,10.0,6.4,"Bitcoin Up or Down - March 21, 4:05PM-4:10PM ET"
1774123665,2026-03-21 20:07:45,BUY,Up,0.36,7.84,2.8224,"Bitcoin Up or Down - March 21, 4:05PM-4:10PM ET"
1774123665,2026-03-21 20:07:45,BUY,Up,0.36,2.15625,0.77625,"Bitcoin Up or Down - March 21, 4:05PM-4:10PM ET"
1774123665,2026-03-21 20:07:45,BUY,Down,0.62,10.0,6.2,"Bitcoin Up or Down - March 21, 4:05PM-4:10PM ET"
1774123665,2026-03-21 20:07:45,BUY,Down,0.63,10.0,6.3,"Bitcoin Up or Down - March 21, 4:05PM-4:10PM ET"
1774123665,2026-03-21 20:07:45,BUY,Up,0.36,7.8125,2.8125,"Bitcoin Up or Down - March 21, 4:05PM-4:10PM ET"
1774123665,2026-03-21 20:07:45,BUY,Up,0.36,0.71,0.2556,"Bitcoin Up or Down - March 21, 4:05PM-4:10PM ET"
1774123665,2026-03-21 20:07:45,BUY,Up,0.36,1.47,0.5292,"Bitcoin Up or Down - March 21, 4:05PM-4:10PM ET"
1774123667,2026-03-21 20:07:47,BUY,Down,0.63,10.0,6.3,"Bitcoin Up or Down - March 21, 4:05PM-4:10PM ET"
1774123669,2026-03-21 20:07:49,BUY,Down,0.62,10.0,6.2,"Bitcoin Up or Down - March 21, 4:05PM-4:10PM ET"
1774123669,2026-03-21 20:07:49,BUY,Up,0.37,2.06,0.7622,"Bitcoin Up or Down - March 21, 4:05PM-4:10PM ET"
1774123669,2026-03-21 20:07:49,BUY,Up,0.370000018900007,7.936505,2.936507,"Bitcoin Up or Down - March 21, 4:05PM-4:10PM ET"
1774123671,2026-03-21 20:07:51,,,0.0,159.959122,0.0,"Bitcoin Up or Down - March 21, 4:05PM-4:10PM ET"
1774123671,2026-03-21 20:07:51,BUY,Up,0.37,0.79,0.2923,"Bitcoin Up or Down - March 21, 4:05PM-4:10PM ET"
1774123671,2026-03-21 20:07:51,BUY,Up,0.37000012507359653,2.158729,0.79873,"Bitcoin Up or Down - March 21, 4:05PM-4:10PM ET"
1774123671,2026-03-21 20:07:51,BUY,Up,0.3700000348431225,5.453013,2.017615,"Bitcoin Up or Down - March 21, 4:05PM-4:10PM ET"
1774123671,2026-03-21 20:07:51,BUY,Up,0.37,1.5873,0.587301,"Bitcoin Up or Down - March 21, 4:05PM-4:10PM ET"
1774123675,2026-03-21 20:07:55,BUY,Down,0.61,10.0,6.1,"Bitcoin Up or Down - March 21, 4:05PM-4:10PM ET"
1774123675,2026-03-21 20:07:55,BUY,Down,0.61,10.0,6.1,"Bitcoin Up or Down - March 21, 4:05PM-4:10PM ET"
1774123677,2026-03-21 20:07:57,BUY,Down,0.6,5.0,3.0,"Bitcoin Up or Down - March 21, 4:05PM-4:10PM ET"
1774123677,2026-03-21 20:07:57,BUY,Down,0.6,5.0,3.0,"Bitcoin Up or Down - March 21, 4:05PM-4:10PM ET"
1774123679,2026-03-21 20:07:59,BUY,Down,0.59,10.0,5.8999999999999995,"Bitcoin Up or Down - March 21, 4:05PM-4:10PM ET"
1774123679,2026-03-21 20:07:59,BUY,Down,0.6,10.0,6.0,"Bitcoin Up or Down - March 21, 4:05PM-4:10PM ET"
1774123679,2026-03-21 20:07:59,BUY,Down,0.61,9.0,5.49,"Bitcoin Up or Down - March 21, 4:05PM-4:10PM ET"
1774123679,2026-03-21 20:07:59,BUY,Down,0.62,10.0,6.2,"Bitcoin Up or Down - March 21, 4:05PM-4:10PM ET"
1774123679,2026-03-21 20:07:59,BUY,Down,0.63,10.0,6.3,"Bitcoin Up or Down - March 21, 4:05PM-4:10PM ET"
1774123679,2026-03-21 20:07:59,BUY,Up,0.36,3.125,1.125,"Bitcoin Up or Down - March 21, 4:05PM-4:10PM ET"
1774123679,2026-03-21 20:07:59,BUY,Down,0.62,10.0,6.2,"Bitcoin Up or Down - March 21, 4:05PM-4:10PM ET"
1774123679,2026-03-21 20:07:59,BUY,Down,0.61,1.0,0.61,"Bitcoin Up or Down - March 21, 4:05PM-4:10PM ET"
1774123679,2026-03-21 20:07:59,BUY,Down,0.62,10.0,6.2,"Bitcoin Up or Down - March 21, 4:05PM-4:10PM ET"
1774123679,2026-03-21 20:07:59,BUY,Up,0.36,2.0625,0.7424999999999999,"Bitcoin Up or Down - March 21, 4:05PM-4:10PM ET"
1774123679,2026-03-21 20:07:59,BUY,Up,0.34,3.29515,1.120351,"Bitcoin Up or Down - March 21, 4:05PM-4:10PM ET"
1774123679,2026-03-21 20:07:59,BUY,Up,0.35,10.0,3.5,"Bitcoin Up or Down - March 21, 4:05PM-4:10PM ET"
1774123679,2026-03-21 20:07:59,BUY,Up,0.36,10.0,3.5999999999999996,"Bitcoin Up or Down - March 21, 4:05PM-4:10PM ET"
1774123679,2026-03-21 20:07:59,BUY,Up,0.37,10.0,3.7,"Bitcoin Up or Down - March 21, 4:05PM-4:10PM ET"
1774123679,2026-03-21 20:07:59,BUY,Up,0.38,10.0,3.8,"Bitcoin Up or Down - March 21, 4:05PM-4:10PM ET"
1774123679,2026-03-21 20:07:59,BUY,Up,0.35000018775323216,1.065228,0.37283,"Bitcoin Up or Down - March 21, 4:05PM-4:10PM ET"
1774123679,2026-03-21 20:07:59,BUY,Up,0.36,8.09,2.9124,"Bitcoin Up or Down - March 21, 4:05PM-4:10PM ET"
1774123679,2026-03-21 20:07:59,BUY,Up,0.36,1.90625,0.68625,"Bitcoin Up or Down - March 21, 4:05PM-4:10PM ET"
1774123681,2026-03-21 20:08:01,BUY,Up,0.36,5.22,1.8791999999999998,"Bitcoin Up or Down - March 21, 4:05PM-4:10PM ET"
1774123681,2026-03-21 20:08:01,BUY,Down,0.61,10.0,6.1,"Bitcoin Up or Down - March 21, 4:05PM-4:10PM ET"
1774123681,2026-03-21 20:08:01,BUY,Down,0.62,10.0,6.2,"Bitcoin Up or Down - March 21, 4:05PM-4:10PM ET"
1774123681,2026-03-21 20:08:01,BUY,Down,0.63,10.0,6.3,"Bitcoin Up or Down - March 21, 4:05PM-4:10PM ET"
1774123681,2026-03-21 20:08:01,BUY,Up,0.34,6.7,2.278,"Bitcoin Up or Down - March 21, 4:05PM-4:10PM ET"
1774123681,2026-03-21 20:08:01,BUY,Up,0.35,8.93,3.1254999999999997,"Bitcoin Up or Down - March 21, 4:05PM-4:10PM ET"
1774123681,2026-03-21 20:08:01,BUY,Up,0.36,10.0,3.5999999999999996,"Bitcoin Up or Down - March 21, 4:05PM-4:10PM ET"
1774123681,2026-03-21 20:08:01,BUY,Up,0.37,10.0,3.7,"Bitcoin Up or Down - March 21, 4:05PM-4:10PM ET"
1774123681,2026-03-21 20:08:01,BUY,Up,0.36,3.125,1.125,"Bitcoin Up or Down - March 21, 4:05PM-4:10PM ET"
1774123681,2026-03-21 20:08:01,BUY,Up,0.38000004383840286,3.193547,1.213548,"Bitcoin Up or Down - March 21, 4:05PM-4:10PM ET"
1774123681,2026-03-21 20:08:01,BUY,Up,0.38,5.0,1.9,"Bitcoin Up or Down - March 21, 4:05PM-4:10PM ET"
1774123681,2026-03-21 20:08:01,BUY,Up,0.38000014880011307,1.612902,0.612903,"Bitcoin Up or Down - March 21, 4:05PM-4:10PM ET"
1774123681,2026-03-21 20:08:01,BUY,Down,0.6,10.0,6.0,"Bitcoin Up or Down - March 21, 4:05PM-4:10PM ET"
1774123681,2026-03-21 20:08:01,BUY,Down,0.61,10.0,6.1,"Bitcoin Up or Down - March 21, 4:05PM-4:10PM ET"
1774123681,2026-03-21 20:08:01,BUY,Down,0.62,10.0,6.2,"Bitcoin Up or Down - March 21, 4:05PM-4:10PM ET"
1774123681,2026-03-21 20:08:01,BUY,Up,0.36,1.65,0.594,"Bitcoin Up or Down - March 21, 4:05PM-4:10PM ET"
1774123681,2026-03-21 20:08:01,BUY,Up,0.35,10.0,3.5,"Bitcoin Up or Down - March 21, 4:05PM-4:10PM ET"
1774123683,2026-03-21 20:08:03,BUY,Up,0.36,1.255,0.4517999999999999,"Bitcoin Up or Down - March 21, 4:05PM-4:10PM ET"
1774123683,2026-03-21 20:08:03,BUY,Up,0.36,10.0,3.5999999999999996,"Bitcoin Up or Down - March 21, 4:05PM-4:10PM ET"
1774123683,2026-03-21 20:08:03,BUY,Up,0.37,10.0,3.7,"Bitcoin Up or Down - March 21, 4:05PM-4:10PM ET"
1774123683,2026-03-21 20:08:03,BUY,Up,0.38,0.18,0.0684,"Bitcoin Up or Down - March 21, 4:05PM-4:10PM ET"
1774123683,2026-03-21 20:08:03,BUY,Down,0.59,10.0,5.8999999999999995,"Bitcoin Up or Down - March 21, 4:05PM-4:10PM ET"
1774123683,2026-03-21 20:08:03,BUY,Down,0.6,10.0,6.0,"Bitcoin Up or Down - March 21, 4:05PM-4:10PM ET"
1774123683,2026-03-21 20:08:03,BUY,Down,0.61,6.0,3.66,"Bitcoin Up or Down - March 21, 4:05PM-4:10PM ET"
1774123683,2026-03-21 20:08:03,BUY,Up,0.38000014880011307,1.612902,0.612903,"Bitcoin Up or Down - March 21, 4:05PM-4:10PM ET"
1774123683,2026-03-21 20:08:03,BUY,Up,0.3800000914755463,1.967739,0.747741,"Bitcoin Up or Down - March 21, 4:05PM-4:10PM ET"
1774123683,2026-03-21 20:08:03,BUY,Up,0.38000014880011307,1.612902,0.612903,"Bitcoin Up or Down - March 21, 4:05PM-4:10PM ET"
1774123683,2026-03-21 20:08:03,BUY,Up,0.37,10.0,3.7,"Bitcoin Up or Down - March 21, 4:05PM-4:10PM ET"
1774123683,2026-03-21 20:08:03,BUY,Down,0.6100001698387727,3.179486,1.939487,"Bitcoin Up or Down - March 21, 4:05PM-4:10PM ET"
1774123683,2026-03-21 20:08:03,BUY,Down,0.61,4.0,2.44,"Bitcoin Up or Down - March 21, 4:05PM-4:10PM ET"
1774123683,2026-03-21 20:08:03,BUY,Down,0.59,10.0,5.8999999999999995,"Bitcoin Up or Down - March 21, 4:05PM-4:10PM ET"
1774123683,2026-03-21 20:08:03,BUY,Down,0.6,10.0,6.0,"Bitcoin Up or Down - March 21, 4:05PM-4:10PM ET"
1774123683,2026-03-21 20:08:03,BUY,Down,0.61,10.0,6.1,"Bitcoin Up or Down - March 21, 4:05PM-4:10PM ET"
1774123683,2026-03-21 20:08:03,BUY,Down,0.62,10.0,6.2,"Bitcoin Up or Down - March 21, 4:05PM-4:10PM ET"
1774123685,2026-03-21 20:08:05,BUY,Up,0.39000014030010804,1.639343,0.639344,"Bitcoin Up or Down - March 21, 4:05PM-4:10PM ET"
1774123685,2026-03-21 20:08:05,BUY,Up,0.39,3.0,1.17,"Bitcoin Up or Down - March 21, 4:05PM-4:10PM ET"
1774123685,2026-03-21 20:08:05,BUY,Down,0.59,10.0,5.8999999999999995,"Bitcoin Up or Down - March 21, 4:05PM-4:10PM ET"
1774123685,2026-03-21 20:08:05,BUY,Down,0.6,10.0,6.0,"Bitcoin Up or Down - March 21, 4:05PM-4:10PM ET"
1774123685,2026-03-21 20:08:05,BUY,Down,0.61,10.0,6.1,"Bitcoin Up or Down - March 21, 4:05PM-4:10PM ET"
1774123685,2026-03-21 20:08:05,BUY,Up,0.39,5.36,2.0904000000000003,"Bitcoin Up or Down - March 21, 4:05PM-4:10PM ET"
1774123685,2026-03-21 20:08:05,,,0.0,49.971217,0.0,"Bitcoin Up or Down - March 21, 4:05PM-4:10PM ET"
1774123685,2026-03-21 20:08:05,BUY,Up,0.39,1.63,0.6356999999999999,"Bitcoin Up or Down - March 21, 4:05PM-4:10PM ET"
1774123685,2026-03-21 20:08:05,BUY,Down,0.56,10.0,5.6000000000000005,"Bitcoin Up or Down - March 21, 4:05PM-4:10PM ET"
1774123685,2026-03-21 20:08:05,BUY,Down,0.57,10.0,5.699999999999999,"Bitcoin Up or Down - March 21, 4:05PM-4:10PM ET"
1774123685,2026-03-21 20:08:05,BUY,Down,0.58,10.0,5.8,"Bitcoin Up or Down - March 21, 4:05PM-4:10PM ET"
1774123685,2026-03-21 20:08:05,BUY,Up,0.39,0.39,0.1521,"Bitcoin Up or Down - March 21, 4:05PM-4:10PM ET"
1774123685,2026-03-21 20:08:05,BUY,Down,0.6,10.0,6.0,"Bitcoin Up or Down - March 21, 4:05PM-4:10PM ET"
1774123685,2026-03-21 20:08:05,BUY,Down,0.59,10.0,5.8999999999999995,"Bitcoin Up or Down - March 21, 4:05PM-4:10PM ET"
1774123685,2026-03-21 20:08:05,BUY,Down,0.58,10.0,5.8,"Bitcoin Up or Down - March 21, 4:05PM-4:10PM ET"
1774123685,2026-03-21 20:08:05,BUY,Up,0.41,10.0,4.1,"Bitcoin Up or Down - March 21, 4:05PM-4:10PM ET"
1774123685,2026-03-21 20:08:05,BUY,Up,0.4,10.0,4.0,"Bitcoin Up or Down - March 21, 4:05PM-4:10PM ET"
1774123687,2026-03-21 20:08:07,BUY,Down,0.57,10.0,5.699999999999999,"Bitcoin Up or Down - March 21, 4:05PM-4:10PM ET"
1774123687,2026-03-21 20:08:07,BUY,Down,0.58,10.0,5.8,"Bitcoin Up or Down - March 21, 4:05PM-4:10PM ET"
1774123687,2026-03-21 20:08:07,BUY,Up,0.4,10.0,4.0,"Bitcoin Up or Down - March 21, 4:05PM-4:10PM ET"
1774123687,2026-03-21 20:08:07,BUY,Down,0.5700001329091706,2.558138,1.4581389999999999,"Bitcoin Up or Down - March 21, 4:05PM-4:10PM ET"
1774123687,2026-03-21 20:08:07,BUY,Down,0.57,10.0,5.699999999999999,"Bitcoin Up or Down - March 21, 4:05PM-4:10PM ET"
1774123687,2026-03-21 20:08:07,BUY,Down,0.58,3.09,1.7921999999999998,"Bitcoin Up or Down - March 21, 4:05PM-4:10PM ET"
1774123687,2026-03-21 20:08:07,BUY,Up,0.39,1.91,0.7449,"Bitcoin Up or Down - March 21, 4:05PM-4:10PM ET"
1774123687,2026-03-21 20:08:07,BUY,Up,0.4,10.0,4.0,"Bitcoin Up or Down - March 21, 4:05PM-4:10PM ET"
1774123687,2026-03-21 20:08:07,BUY,Up,0.39000005110813146,6.065571,2.3655730000000004,"Bitcoin Up or Down - March 21, 4:05PM-4:10PM ET"
1774123687,2026-03-21 20:08:07,BUY,Up,0.4,3.46,1.3840000000000001,"Bitcoin Up or Down - March 21, 4:05PM-4:10PM ET"
1774123687,2026-03-21 20:08:07,BUY,Down,0.5800000289655253,6.90476,4.004761,"Bitcoin Up or Down - March 21, 4:05PM-4:10PM ET"
1774123687,2026-03-21 20:08:07,BUY,Up,0.4200000110476241,3.620688,1.520689,"Bitcoin Up or Down - March 21, 4:05PM-4:10PM ET"
1774123687,2026-03-21 20:08:07,BUY,Down,0.5700001329091706,2.558138,1.4581389999999999,"Bitcoin Up or Down - March 21, 4:05PM-4:10PM ET"
1774123687,2026-03-21 20:08:07,BUY,Down,0.57,5.0,2.8499999999999996,"Bitcoin Up or Down - March 21, 4:05PM-4:10PM ET"
1774123687,2026-03-21 20:08:07,BUY,Down,0.56,4.07,2.2792000000000003,"Bitcoin Up or Down - March 21, 4:05PM-4:10PM ET"
1774123687,2026-03-21 20:08:07,BUY,Down,0.57,9.82,5.5973999999999995,"Bitcoin Up or Down - March 21, 4:05PM-4:10PM ET"
1774123687,2026-03-21 20:08:07,BUY,Down,0.57,2.44,1.3907999999999998,"Bitcoin Up or Down - March 21, 4:05PM-4:10PM ET"
1774123687,2026-03-21 20:08:07,BUY,Down,0.5700029713350264,0.178371,0.101672,"Bitcoin Up or Down - March 21, 4:05PM-4:10PM ET"
1774123687,2026-03-21 20:08:07,BUY,Down,0.57,10.0,5.699999999999999,"Bitcoin Up or Down - March 21, 4:05PM-4:10PM ET"
1774123687,2026-03-21 20:08:07,BUY,Up,0.41,10.0,4.1,"Bitcoin Up or Down - March 21, 4:05PM-4:10PM ET"
1774123687,2026-03-21 20:08:07,BUY,Down,0.5700001515239005,2.441859,1.39186,"Bitcoin Up or Down - March 21, 4:05PM-4:10PM ET"
1774123687,2026-03-21 20:08:07,BUY,Down,0.57,2.43,1.3851,"Bitcoin Up or Down - March 21, 4:05PM-4:10PM ET"
1774123687,2026-03-21 20:08:07,BUY,Down,0.5700001329091706,2.558138,1.4581389999999999,"Bitcoin Up or Down - March 21, 4:05PM-4:10PM ET"
1774123689,2026-03-21 20:08:09,BUY,Down,0.5800001221818937,2.619046,1.5190469999999998,"Bitcoin Up or Down - March 21, 4:05PM-4:10PM ET"
1774123689,2026-03-21 20:08:09,BUY,Up,0.41,5.02,2.0582,"Bitcoin Up or Down - March 21, 4:05PM-4:10PM ET"
1774123689,2026-03-21 20:08:09,BUY,Up,0.41000015340011353,1.694914,0.6949150000000001,"Bitcoin Up or Down - March 21, 4:05PM-4:10PM ET"
1774123689,2026-03-21 20:08:09,BUY,Up,0.4,4.5,1.8,"Bitcoin Up or Down - March 21, 4:05PM-4:10PM ET"
1774123689,2026-03-21 20:08:09,BUY,Up,0.41,10.0,4.1,"Bitcoin Up or Down - March 21, 4:05PM-4:10PM ET"
1774123689,2026-03-21 20:08:09,BUY,Up,0.42,1.5,0.63,"Bitcoin Up or Down - March 21, 4:05PM-4:10PM ET"
1774123689,2026-03-21 20:08:09,BUY,Up,0.4,0.113,0.045200000000000004,"Bitcoin Up or Down - March 21, 4:05PM-4:10PM ET"
1774123689,2026-03-21 20:08:09,BUY,Up,0.41,1.58,0.6478,"Bitcoin Up or Down - March 21, 4:05PM-4:10PM ET"
1774123689,2026-03-21 20:08:09,BUY,Up,0.4200001274725695,3.13793,1.317931,"Bitcoin Up or Down - March 21, 4:05PM-4:10PM ET"
1774123689,2026-03-21 20:08:09,BUY,Up,0.4200001740002958,1.724135,0.724137,"Bitcoin Up or Down - March 21, 4:05PM-4:10PM ET"
1774123689,2026-03-21 20:08:09,BUY,Down,0.56,5.93,3.3208,"Bitcoin Up or Down - March 21, 4:05PM-4:10PM ET"
1774123689,2026-03-21 20:08:09,BUY,Up,0.42000000464000087,8.620688,3.6206889999999996,"Bitcoin Up or Down - March 21, 4:05PM-4:10PM ET"
1774123689,2026-03-21 20:08:09,BUY,Down,0.56,10.0,5.6000000000000005,"Bitcoin Up or Down - March 21, 4:05PM-4:10PM ET"
1774123689,2026-03-21 20:08:09,BUY,Down,0.57,10.0,5.699999999999999,"Bitcoin Up or Down - March 21, 4:05PM-4:10PM ET"
1774123689,2026-03-21 20:08:09,BUY,Down,0.5800000512195371,3.90476,2.2647609999999996,"Bitcoin Up or Down - March 21, 4:05PM-4:10PM ET"
1774123689,2026-03-21 20:08:09,BUY,Down,0.58,3.47,2.0126,"Bitcoin Up or Down - March 21, 4:05PM-4:10PM ET"
1774123689,2026-03-21 20:08:09,BUY,Up,0.41000015340011353,1.694914,0.6949150000000001,"Bitcoin Up or Down - March 21, 4:05PM-4:10PM ET"
1774123691,2026-03-21 20:08:11,BUY,Down,0.5500001687503586,0.888887,0.488888,"Bitcoin Up or Down - March 21, 4:05PM-4:10PM ET"
1774123691,2026-03-21 20:08:11,BUY,Up,0.38,3.11,1.1818,"Bitcoin Up or Down - March 21, 4:05PM-4:10PM ET"
1774123691,2026-03-21 20:08:11,BUY,Up,0.39,10.0,3.9000000000000004,"Bitcoin Up or Down - March 21, 4:05PM-4:10PM ET"
1774123691,2026-03-21 20:08:11,BUY,Up,0.4,1.92,0.768,"Bitcoin Up or Down - March 21, 4:05PM-4:10PM ET"
1774123691,2026-03-21 20:08:11,BUY,Up,0.41,10.0,4.1,"Bitcoin Up or Down - March 21, 4:05PM-4:10PM ET"
1774123691,2026-03-21 20:08:11,BUY,Down,0.55,2.8,1.54,"Bitcoin Up or Down - March 21, 4:05PM-4:10PM ET"
1774123693,2026-03-21 20:08:13,BUY,Down,0.5700040676390261,0.086045,0.049046,"Bitcoin Up or Down - March 21, 4:05PM-4:10PM ET"
1774123693,2026-03-21 20:08:13,BUY,Down,0.57,7.11,4.0527,"Bitcoin Up or Down - March 21, 4:05PM-4:10PM ET"
1774123693,2026-03-21 20:08:13,BUY,Up,0.4100000039333342,7.627117,3.1271180000000003,"Bitcoin Up or Down - March 21, 4:05PM-4:10PM ET"
1774123693,2026-03-21 20:08:13,BUY,Up,0.41000015340011353,1.694914,0.6949150000000001,"Bitcoin Up or Down - March 21, 4:05PM-4:10PM ET"
1774123693,2026-03-21 20:08:13,BUY,Down,0.5700000589516524,2.883719,1.6437200000000003,"Bitcoin Up or Down - March 21, 4:05PM-4:10PM ET"
1774123693,2026-03-21 20:08:13,,,0.0,211.575337,0.0,"Bitcoin Up or Down - March 21, 4:05PM-4:10PM ET"
1774123693,2026-03-21 20:08:13,BUY,Down,0.55,5.71,3.1405000000000003,"Bitcoin Up or Down - March 21, 4:05PM-4:10PM ET"
1774123693,2026-03-21 20:08:13,BUY,Down,0.56,10.0,5.6000000000000005,"Bitcoin Up or Down - March 21, 4:05PM-4:10PM ET"
1774123693,2026-03-21 20:08:13,BUY,Down,0.57,10.0,5.699999999999999,"Bitcoin Up or Down - March 21, 4:05PM-4:10PM ET"
1774123693,2026-03-21 20:08:13,BUY,Down,0.5600001936001084,2.272726,1.2727270000000002,"Bitcoin Up or Down - March 21, 4:05PM-4:10PM ET"
1774123693,2026-03-21 20:08:13,BUY,Down,0.57,4.2,2.3939999999999997,"Bitcoin Up or Down - March 21, 4:05PM-4:10PM ET"
1774123693,2026-03-21 20:08:13,BUY,Down,0.55,0.6,0.33,"Bitcoin Up or Down - March 21, 4:05PM-4:10PM ET"
1774123693,2026-03-21 20:08:13,BUY,Down,0.56,10.0,5.6000000000000005,"Bitcoin Up or Down - March 21, 4:05PM-4:10PM ET"
1774123693,2026-03-21 20:08:13,BUY,Down,0.57,8.4,4.787999999999999,"Bitcoin Up or Down - March 21, 4:05PM-4:10PM ET"
1774123693,2026-03-21 20:08:13,BUY,Down,0.5700000483534277,5.790696,3.300697,"Bitcoin Up or Down - March 21, 4:05PM-4:10PM ET"
1774123693,2026-03-21 20:08:13,BUY,Down,0.57,1.51,0.8606999999999999,"Bitcoin Up or Down - March 21, 4:05PM-4:10PM ET"
1774123695,2026-03-21 20:08:15,BUY,Down,0.55,10.0,5.5,"Bitcoin Up or Down - March 21, 4:05PM-4:10PM ET"
1774123695,2026-03-21 20:08:15,BUY,Down,0.56,7.72,4.3232,"Bitcoin Up or Down - March 21, 4:05PM-4:10PM ET"
1774123695,2026-03-21 20:08:15,BUY,Up,0.4,10.0,4.0,"Bitcoin Up or Down - March 21, 4:05PM-4:10PM ET"
1774123695,2026-03-21 20:08:15,BUY,Up,0.41,10.0,4.1,"Bitcoin Up or Down - March 21, 4:05PM-4:10PM ET"
1774123695,2026-03-21 20:08:15,BUY,Up,0.42000003491639754,5.155171,2.165172,"Bitcoin Up or Down - March 21, 4:05PM-4:10PM ET"
1774123695,2026-03-21 20:08:15,BUY,Down,0.56,10.0,5.6000000000000005,"Bitcoin Up or Down - March 21, 4:05PM-4:10PM ET"
1774123695,2026-03-21 20:08:15,BUY,Down,0.57,10.0,5.699999999999999,"Bitcoin Up or Down - March 21, 4:05PM-4:10PM ET"
1774123695,2026-03-21 20:08:15,BUY,Up,0.43,10.0,4.3,"Bitcoin Up or Down - March 21, 4:05PM-4:10PM ET"
1774123695,2026-03-21 20:08:15,BUY,Up,0.39,10.0,3.9000000000000004,"Bitcoin Up or Down - March 21, 4:05PM-4:10PM ET"
1774123695,2026-03-21 20:08:15,BUY,Up,0.4,10.0,4.0,"Bitcoin Up or Down - March 21, 4:05PM-4:10PM ET"
1774123695,2026-03-21 20:08:15,BUY,Up,0.41,10.0,4.1,"Bitcoin Up or Down - March 21, 4:05PM-4:10PM ET"
1774123695,2026-03-21 20:08:15,BUY,Up,0.42,10.0,4.2,"Bitcoin Up or Down - March 21, 4:05PM-4:10PM ET"
1774123695,2026-03-21 20:08:15,BUY,Up,0.43,10.0,4.3,"Bitcoin Up or Down - March 21, 4:05PM-4:10PM ET"
1774123697,2026-03-21 20:08:17,BUY,Down,0.57,10.0,5.699999999999999,"Bitcoin Up or Down - March 21, 4:05PM-4:10PM ET"
1774123697,2026-03-21 20:08:17,BUY,Down,0.58,10.0,5.8,"Bitcoin Up or Down - March 21, 4:05PM-4:10PM ET"
1774123697,2026-03-21 20:08:17,BUY,Down,0.59,10.0,5.8999999999999995,"Bitcoin Up or Down - March 21, 4:05PM-4:10PM ET"
1774123697,2026-03-21 20:08:17,BUY,Down,0.6,10.0,6.0,"Bitcoin Up or Down - March 21, 4:05PM-4:10PM ET"
1774123697,2026-03-21 20:08:17,BUY,Up,0.39000014030010804,1.639343,0.639344,"Bitcoin Up or Down - March 21, 4:05PM-4:10PM ET"
1774123697,2026-03-21 20:08:17,BUY,Up,0.38,6.89,2.6182,"Bitcoin Up or Down - March 21, 4:05PM-4:10PM ET"
1774123697,2026-03-21 20:08:17,BUY,Up,0.39,10.0,3.9000000000000004,"Bitcoin Up or Down - March 21, 4:05PM-4:10PM ET"
1774123697,2026-03-21 20:08:17,BUY,Up,0.4,10.0,4.0,"Bitcoin Up or Down - March 21, 4:05PM-4:10PM ET"
1774123697,2026-03-21 20:08:17,BUY,Up,0.41,10.0,4.1,"Bitcoin Up or Down - March 21, 4:05PM-4:10PM ET"
1774123697,2026-03-21 20:08:17,BUY,Up,0.42,4.84,2.0328,"Bitcoin Up or Down - March 21, 4:05PM-4:10PM ET"
1774123697,2026-03-21 20:08:17,BUY,Down,0.56,10.0,5.6000000000000005,"Bitcoin Up or Down - March 21, 4:05PM-4:10PM ET"
1774123697,2026-03-21 20:08:17,BUY,Down,0.56,10.0,5.6000000000000005,"Bitcoin Up or Down - March 21, 4:05PM-4:10PM ET"
1774123697,2026-03-21 20:08:17,BUY,Down,0.55,10.0,5.5,"Bitcoin Up or Down - March 21, 4:05PM-4:10PM ET"
1774123697,2026-03-21 20:08:17,BUY,Down,0.56,10.0,5.6000000000000005,"Bitcoin Up or Down - March 21, 4:05PM-4:10PM ET"
1774123699,2026-03-21 20:08:19,BUY,Up,0.41,10.0,4.1,"Bitcoin Up or Down - March 21, 4:05PM-4:10PM ET"
1774123699,2026-03-21 20:08:19,BUY,Up,0.42,10.0,4.2,"Bitcoin Up or Down - March 21, 4:05PM-4:10PM ET"
1774123699,2026-03-21 20:08:19,BUY,Down,0.57,10.0,5.699999999999999,"Bitcoin Up or Down - March 21, 4:05PM-4:10PM ET"
1774123699,2026-03-21 20:08:19,BUY,Down,0.56,9.8,5.488000000000001,"Bitcoin Up or Down - March 21, 4:05PM-4:10PM ET"
1774123701,2026-03-21 20:08:21,BUY,Down,0.57,10.0,5.699999999999999,"Bitcoin Up or Down - March 21, 4:05PM-4:10PM ET"
1774123701,2026-03-21 20:08:21,BUY,Down,0.58,10.0,5.8,"Bitcoin Up or Down - March 21, 4:05PM-4:10PM ET"
1774123701,2026-03-21 20:08:21,BUY,Up,0.4,10.0,4.0,"Bitcoin Up or Down - March 21, 4:05PM-4:10PM ET"
1774123701,2026-03-21 20:08:21,BUY,Up,0.41,10.0,4.1,"Bitcoin Up or Down - March 21, 4:05PM-4:10PM ET"
1774123701,2026-03-21 20:08:21,BUY,Up,0.42,10.0,4.2,"Bitcoin Up or Down - March 21, 4:05PM-4:10PM ET"
1774123701,2026-03-21 20:08:21,,,0.0,278.265303,0.0,"Bitcoin Up or Down - March 21, 4:05PM-4:10PM ET"
1774123701,2026-03-21 20:08:21,BUY,Up,0.4200001740002958,1.724135,0.724137,"Bitcoin Up or Down - March 21, 4:05PM-4:10PM ET"
1774123701,2026-03-21 20:08:21,BUY,Down,0.56,1.75,0.9800000000000001,"Bitcoin Up or Down - March 21, 4:05PM-4:10PM ET"
1774123701,2026-03-21 20:08:21,BUY,Down,0.56,10.0,5.6000000000000005,"Bitcoin Up or Down - March 21, 4:05PM-4:10PM ET"
1774123701,2026-03-21 20:08:21,BUY,Down,0.57,10.0,5.699999999999999,"Bitcoin Up or Down - March 21, 4:05PM-4:10PM ET"
1774123701,2026-03-21 20:08:21,BUY,Down,0.56,0.2,0.11200000000000002,"Bitcoin Up or Down - March 21, 4:05PM-4:10PM ET"
1774123703,2026-03-21 20:08:23,BUY,Down,0.57,10.0,5.699999999999999,"Bitcoin Up or Down - March 21, 4:05PM-4:10PM ET"
1774123703,2026-03-21 20:08:23,BUY,Up,0.4,10.0,4.0,"Bitcoin Up or Down - March 21, 4:05PM-4:10PM ET"
1774123703,2026-03-21 20:08:23,BUY,Up,0.42,0.86,0.36119999999999997,"Bitcoin Up or Down - March 21, 4:05PM-4:10PM ET"
1774123703,2026-03-21 20:08:23,BUY,Down,0.56,8.25,4.62,"Bitcoin Up or Down - March 21, 4:05PM-4:10PM ET"
1774123703,2026-03-21 20:08:23,BUY,Up,0.42,5.0,2.1,"Bitcoin Up or Down - March 21, 4:05PM-4:10PM ET"
1774123703,2026-03-21 20:08:23,BUY,Down,0.57,10.0,5.699999999999999,"Bitcoin Up or Down - March 21, 4:05PM-4:10PM ET"
1774123703,2026-03-21 20:08:23,BUY,Down,0.57,10.0,5.699999999999999,"Bitcoin Up or Down - March 21, 4:05PM-4:10PM ET"
1774123703,2026-03-21 20:08:23,BUY,Down,0.58,10.0,5.8,"Bitcoin Up or Down - March 21, 4:05PM-4:10PM ET"
1774123703,2026-03-21 20:08:23,BUY,Up,0.40000018126910125,1.103332,0.44133300000000003,"Bitcoin Up or Down - March 21, 4:05PM-4:10PM ET"
1774123703,2026-03-21 20:08:23,BUY,Up,0.4200000583082365,2.401033,1.008434,"Bitcoin Up or Down - March 21, 4:05PM-4:10PM ET"
1774123703,2026-03-21 20:08:23,BUY,Up,0.4,3.18,1.2720000000000002,"Bitcoin Up or Down - March 21, 4:05PM-4:10PM ET"
1774123703,2026-03-21 20:08:23,BUY,Down,0.57,10.0,5.699999999999999,"Bitcoin Up or Down - March 21, 4:05PM-4:10PM ET"
1774123703,2026-03-21 20:08:23,BUY,Down,0.58,10.0,5.8,"Bitcoin Up or Down - March 21, 4:05PM-4:10PM ET"
1774123703,2026-03-21 20:08:23,BUY,Down,0.6,10.0,6.0,"Bitcoin Up or Down - March 21, 4:05PM-4:10PM ET"
1774123703,2026-03-21 20:08:23,BUY,Up,0.3900000549000088,6.557376,2.557377,"Bitcoin Up or Down - March 21, 4:05PM-4:10PM ET"
1774123703,2026-03-21 20:08:23,BUY,Up,0.39000014030010804,1.639343,0.639344,"Bitcoin Up or Down - March 21, 4:05PM-4:10PM ET"
1774123703,2026-03-21 20:08:23,BUY,Down,0.59,10.0,5.8999999999999995,"Bitcoin Up or Down - March 21, 4:05PM-4:10PM ET"
1774123703,2026-03-21 20:08:23,BUY,Up,0.39000014030010804,1.639343,0.639344,"Bitcoin Up or Down - March 21, 4:05PM-4:10PM ET"
1774123703,2026-03-21 20:08:23,BUY,Up,0.38,10.0,3.8,"Bitcoin Up or Down - March 21, 4:05PM-4:10PM ET"
1774123703,2026-03-21 20:08:23,BUY,Up,0.39,10.0,3.9000000000000004,"Bitcoin Up or Down - March 21, 4:05PM-4:10PM ET"
1774123703,2026-03-21 20:08:23,BUY,Up,0.4,10.0,4.0,"Bitcoin Up or Down - March 21, 4:05PM-4:10PM ET"
1774123703,2026-03-21 20:08:23,BUY,Up,0.41,10.0,4.1,"Bitcoin Up or Down - March 21, 4:05PM-4:10PM ET"
1774123703,2026-03-21 20:08:23,BUY,Up,0.42,10.0,4.2,"Bitcoin Up or Down - March 21, 4:05PM-4:10PM ET"
1774123705,2026-03-21 20:08:25,BUY,Down,0.6,2.5,1.5,"Bitcoin Up or Down - March 21, 4:05PM-4:10PM ET"
1774123705,2026-03-21 20:08:25,BUY,Down,0.56,10.0,5.6000000000000005,"Bitcoin Up or Down - March 21, 4:05PM-4:10PM ET"
1774123705,2026-03-21 20:08:25,BUY,Down,0.57,10.0,5.699999999999999,"Bitcoin Up or Down - March 21, 4:05PM-4:10PM ET"
1774123705,2026-03-21 20:08:25,BUY,Up,0.35,10.0,3.5,"Bitcoin Up or Down - March 21, 4:05PM-4:10PM ET"
1774123705,2026-03-21 20:08:25,BUY,Up,0.36,8.74,3.1464,"Bitcoin Up or Down - March 21, 4:05PM-4:10PM ET"
1774123705,2026-03-21 20:08:25,BUY,Up,0.37,10.0,3.7,"Bitcoin Up or Down - March 21, 4:05PM-4:10PM ET"
1774123705,2026-03-21 20:08:25,BUY,Up,0.38,10.0,3.8,"Bitcoin Up or Down - March 21, 4:05PM-4:10PM ET"
1774123705,2026-03-21 20:08:25,BUY,Up,0.39,2.13,0.8307,"Bitcoin Up or Down - March 21, 4:05PM-4:10PM ET"
1774123705,2026-03-21 20:08:25,BUY,Up,0.4,10.0,4.0,"Bitcoin Up or Down - March 21, 4:05PM-4:10PM ET"
1774123705,2026-03-21 20:08:25,BUY,Down,0.57,10.0,5.699999999999999,"Bitcoin Up or Down - March 21, 4:05PM-4:10PM ET"
1774123705,2026-03-21 20:08:25,BUY,Up,0.39,0.16,0.062400000000000004,"Bitcoin Up or Down - March 21, 4:05PM-4:10PM ET"
1774123705,2026-03-21 20:08:25,BUY,Up,0.4,5.71,2.2840000000000003,"Bitcoin Up or Down - March 21, 4:05PM-4:10PM ET"
1774123705,2026-03-21 20:08:25,BUY,Down,0.56,10.0,5.6000000000000005,"Bitcoin Up or Down - March 21, 4:05PM-4:10PM ET"
1774123705,2026-03-21 20:08:25,BUY,Up,0.41,10.0,4.1,"Bitcoin Up or Down - March 21, 4:05PM-4:10PM ET"
1774123705,2026-03-21 20:08:25,BUY,Down,0.57,10.0,5.699999999999999,"Bitcoin Up or Down - March 21, 4:05PM-4:10PM ET"
1774123705,2026-03-21 20:08:25,BUY,Down,0.58,10.0,5.8,"Bitcoin Up or Down - March 21, 4:05PM-4:10PM ET"
1774123705,2026-03-21 20:08:25,BUY,Down,0.59,10.0,5.8999999999999995,"Bitcoin Up or Down - March 21, 4:05PM-4:10PM ET"
1774123705,2026-03-21 20:08:25,BUY,Down,0.6,7.5,4.5,"Bitcoin Up or Down - March 21, 4:05PM-4:10PM ET"
1774123705,2026-03-21 20:08:25,BUY,Down,0.61,10.0,6.1,"Bitcoin Up or Down - March 21, 4:05PM-4:10PM ET"
1774123705,2026-03-21 20:08:25,BUY,Up,0.37,10.0,3.7,"Bitcoin Up or Down - March 21, 4:05PM-4:10PM ET"
1774123705,2026-03-21 20:08:25,BUY,Up,0.38,10.0,3.8,"Bitcoin Up or Down - March 21, 4:05PM-4:10PM ET"
1774123705,2026-03-21 20:08:25,BUY,Up,0.36,10.0,3.5999999999999996,"Bitcoin Up or Down - March 21, 4:05PM-4:10PM ET"
1774123705,2026-03-21 20:08:25,BUY,Up,0.37,10.0,3.7,"Bitcoin Up or Down - March 21, 4:05PM-4:10PM ET"
1774123705,2026-03-21 20:08:25,BUY,Down,0.57,10.0,5.699999999999999,"Bitcoin Up or Down - March 21, 4:05PM-4:10PM ET"
1774123705,2026-03-21 20:08:25,BUY,Down,0.58,10.0,5.8,"Bitcoin Up or Down - March 21, 4:05PM-4:10PM ET"
1774123705,2026-03-21 20:08:25,BUY,Down,0.59,10.0,5.8999999999999995,"Bitcoin Up or Down - March 21, 4:05PM-4:10PM ET"
1774123705,2026-03-21 20:08:25,BUY,Down,0.6,10.0,6.0,"Bitcoin Up or Down - March 21, 4:05PM-4:10PM ET"
1774123705,2026-03-21 20:08:25,BUY,Up,0.37,8.08,2.9896,"Bitcoin Up or Down - March 21, 4:05PM-4:10PM ET"
1774123705,2026-03-21 20:08:25,BUY,Up,0.38,10.0,3.8,"Bitcoin Up or Down - March 21, 4:05PM-4:10PM ET"
1774123705,2026-03-21 20:08:25,BUY,Up,0.39,10.0,3.9000000000000004,"Bitcoin Up or Down - March 21, 4:05PM-4:10PM ET"
1774123705,2026-03-21 20:08:25,BUY,Up,0.37,1.92,0.7103999999999999,"Bitcoin Up or Down - March 21, 4:05PM-4:10PM ET"
1774123705,2026-03-21 20:08:25,BUY,Up,0.38,10.0,3.8,"Bitcoin Up or Down - March 21, 4:05PM-4:10PM ET"
1774123705,2026-03-21 20:08:25,BUY,Up,0.39,10.0,3.9000000000000004,"Bitcoin Up or Down - March 21, 4:05PM-4:10PM ET"
1774123707,2026-03-21 20:08:27,BUY,Down,0.5900001763001005,2.439023,1.439024,"Bitcoin Up or Down - March 21, 4:05PM-4:10PM ET"
1774123707,2026-03-21 20:08:27,BUY,Down,0.6,10.0,6.0,"Bitcoin Up or Down - March 21, 4:05PM-4:10PM ET"
1774123707,2026-03-21 20:08:27,BUY,Up,0.4,1.317165,0.526866,"Bitcoin Up or Down - March 21, 4:05PM-4:10PM ET"
1774123707,2026-03-21 20:08:27,BUY,Down,0.5800001764001023,2.380951,1.380952,"Bitcoin Up or Down - March 21, 4:05PM-4:10PM ET"
1774123707,2026-03-21 20:08:27,BUY,Down,0.57,7.11,4.0527,"Bitcoin Up or Down - March 21, 4:05PM-4:10PM ET"
1774123707,2026-03-21 20:08:27,BUY,Down,0.5700001733312534,2.88465,1.6442510000000004,"Bitcoin Up or Down - March 21, 4:05PM-4:10PM ET"
1774123707,2026-03-21 20:08:27,BUY,Down,0.58,7.38,4.280399999999999,"Bitcoin Up or Down - March 21, 4:05PM-4:10PM ET"
1774123707,2026-03-21 20:08:27,BUY,Down,0.5800001221818937,2.619046,1.5190469999999998,"Bitcoin Up or Down - March 21, 4:05PM-4:10PM ET"
1774123707,2026-03-21 20:08:27,BUY,Up,0.41,5.0,2.05,"Bitcoin Up or Down - March 21, 4:05PM-4:10PM ET"
1774123707,2026-03-21 20:08:27,BUY,Down,0.57,10.0,5.699999999999999,"Bitcoin Up or Down - March 21, 4:05PM-4:10PM ET"
1774123707,2026-03-21 20:08:27,BUY,Down,0.59,10.0,5.8999999999999995,"Bitcoin Up or Down - March 21, 4:05PM-4:10PM ET"
1774123707,2026-03-21 20:08:27,BUY,Down,0.6,10.0,6.0,"Bitcoin Up or Down - March 21, 4:05PM-4:10PM ET"
1774123707,2026-03-21 20:08:27,BUY,Down,0.61,10.0,6.1,"Bitcoin Up or Down - March 21, 4:05PM-4:10PM ET"
1774123707,2026-03-21 20:08:27,BUY,Down,0.57,10.0,5.699999999999999,"Bitcoin Up or Down - March 21, 4:05PM-4:10PM ET"
1774123707,2026-03-21 20:08:27,BUY,Down,0.58,5.61,3.2538,"Bitcoin Up or Down - March 21, 4:05PM-4:10PM ET"
1774123707,2026-03-21 20:08:27,BUY,Down,0.58,10.0,5.8,"Bitcoin Up or Down - March 21, 4:05PM-4:10PM ET"
1774123707,2026-03-21 20:08:27,BUY,Up,0.4,2.0,0.8,"Bitcoin Up or Down - March 21, 4:05PM-4:10PM ET"
1774123707,2026-03-21 20:08:27,BUY,Up,0.41,10.0,4.1,"Bitcoin Up or Down - March 21, 4:05PM-4:10PM ET"
1774123707,2026-03-21 20:08:27,BUY,Up,0.36,10.0,3.5999999999999996,"Bitcoin Up or Down - March 21, 4:05PM-4:10PM ET"
1774123707,2026-03-21 20:08:27,BUY,Up,0.37,10.0,3.7,"Bitcoin Up or Down - March 21, 4:05PM-4:10PM ET"
1774123707,2026-03-21 20:08:27,BUY,Up,0.38,10.0,3.8,"Bitcoin Up or Down - March 21, 4:05PM-4:10PM ET"
1774123707,2026-03-21 20:08:27,BUY,Up,0.39,7.87,3.0693,"Bitcoin Up or Down - March 21, 4:05PM-4:10PM ET"
1774123707,2026-03-21 20:08:27,BUY,Up,0.4,8.68,3.472,"Bitcoin Up or Down - March 21, 4:05PM-4:10PM ET"
1774123707,2026-03-21 20:08:27,BUY,Down,0.59,0.26,0.1534,"Bitcoin Up or Down - March 21, 4:05PM-4:10PM ET"
1774123707,2026-03-21 20:08:27,BUY,Down,0.58,2.0,1.16,"Bitcoin Up or Down - March 21, 4:05PM-4:10PM ET"
1774123709,2026-03-21 20:08:29,BUY,Down,0.5600000325926052,4.909089,2.74909,"Bitcoin Up or Down - March 21, 4:05PM-4:10PM ET"
1774123709,2026-03-21 20:08:29,BUY,Down,0.560000033339661,4.799089,2.6874900000000004,"Bitcoin Up or Down - March 21, 4:05PM-4:10PM ET"
1774123709,2026-03-21 20:08:29,BUY,Down,0.56,10.0,5.6000000000000005,"Bitcoin Up or Down - March 21, 4:05PM-4:10PM ET"
1774123709,2026-03-21 20:08:29,BUY,Down,0.56,0.29,0.16240000000000002,"Bitcoin Up or Down - March 21, 4:05PM-4:10PM ET"
1774123709,2026-03-21 20:08:29,BUY,Down,0.56,10.0,5.6000000000000005,"Bitcoin Up or Down - March 21, 4:05PM-4:10PM ET"
1774123709,2026-03-21 20:08:29,BUY,Up,0.43000004446001433,8.771927,3.771929,"Bitcoin Up or Down - March 21, 4:05PM-4:10PM ET"
1774123709,2026-03-21 20:08:29,BUY,Down,0.560000033523815,9.545453,5.345454,"Bitcoin Up or Down - March 21, 4:05PM-4:10PM ET"
1774123709,2026-03-21 20:08:29,BUY,Down,0.5500009782629962,0.51111,0.28111099999999994,"Bitcoin Up or Down - March 21, 4:05PM-4:10PM ET"
1774123709,2026-03-21 20:08:29,BUY,Down,0.55,4.4,2.4200000000000004,"Bitcoin Up or Down - March 21, 4:05PM-4:10PM ET"
1774123709,2026-03-21 20:08:29,BUY,Up,0.4300000096094434,6.243858,2.6848590000000003,"Bitcoin Up or Down - March 21, 4:05PM-4:10PM ET"
1774123709,2026-03-21 20:08:29,BUY,Down,0.56,0.45,0.25200000000000006,"Bitcoin Up or Down - March 21, 4:05PM-4:10PM ET"
1774123709,2026-03-21 20:08:29,BUY,Down,0.55,0.43,0.23650000000000002,"Bitcoin Up or Down - March 21, 4:05PM-4:10PM ET"
1774123709,2026-03-21 20:08:29,BUY,Down,0.5500000753588751,4.644443,2.5544439999999997,"Bitcoin Up or Down - March 21, 4:05PM-4:10PM ET"
1774123709,2026-03-21 20:08:29,BUY,Up,0.42000014782318046,2.435342,1.0228439999999999,"Bitcoin Up or Down - March 21, 4:05PM-4:10PM ET"
1774123709,2026-03-21 20:08:29,BUY,Up,0.43,3.75,1.6125,"Bitcoin Up or Down - March 21, 4:05PM-4:10PM ET"
1774123711,2026-03-21 20:08:31,BUY,Down,0.5600001166265454,3.772726,2.112727,"Bitcoin Up or Down - March 21, 4:05PM-4:10PM ET"
1774123711,2026-03-21 20:08:31,BUY,Up,0.42,9.34,3.9227999999999996,"Bitcoin Up or Down - March 21, 4:05PM-4:10PM ET"
1774123711,2026-03-21 20:08:31,BUY,Up,0.4200004586209269,0.654135,0.274737,"Bitcoin Up or Down - March 21, 4:05PM-4:10PM ET"
1774123711,2026-03-21 20:08:31,BUY,Up,0.42,7.56,3.1752,"Bitcoin Up or Down - March 21, 4:05PM-4:10PM ET"
1774123711,2026-03-21 20:08:31,BUY,Up,0.43000074470504646,0.496841,0.21364199999999997,"Bitcoin Up or Down - March 21, 4:05PM-4:10PM ET"
1774123711,2026-03-21 20:08:31,,,0.0,229.566511,0.0,"Bitcoin Up or Down - March 21, 4:05PM-4:10PM ET"
1774123711,2026-03-21 20:08:31,BUY,Down,0.55,10.0,5.5,"Bitcoin Up or Down - March 21, 4:05PM-4:10PM ET"
1774123711,2026-03-21 20:08:31,BUY,Down,0.55,10.0,5.5,"Bitcoin Up or Down - March 21, 4:05PM-4:10PM ET"
1774123711,2026-03-21 20:08:31,BUY,Down,0.57,4.97,2.8328999999999995,"Bitcoin Up or Down - March 21, 4:05PM-4:10PM ET"
1774123711,2026-03-21 20:08:31,BUY,Down,0.55,10.0,5.5,"Bitcoin Up or Down - March 21, 4:05PM-4:10PM ET"
1774123711,2026-03-21 20:08:31,BUY,Down,0.56,6.22,3.4832,"Bitcoin Up or Down - March 21, 4:05PM-4:10PM ET"
1774123711,2026-03-21 20:08:31,BUY,Down,0.5700000437963121,5.023254,2.8632549999999997,"Bitcoin Up or Down - March 21, 4:05PM-4:10PM ET"
1774123713,2026-03-21 20:08:33,BUY,Down,0.54,9.02,4.8708,"Bitcoin Up or Down - March 21, 4:05PM-4:10PM ET"
1774123713,2026-03-21 20:08:33,BUY,Down,0.55,10.0,5.5,"Bitcoin Up or Down - March 21, 4:05PM-4:10PM ET"
1774123713,2026-03-21 20:08:33,BUY,Up,0.43,10.0,4.3,"Bitcoin Up or Down - March 21, 4:05PM-4:10PM ET"
1774123713,2026-03-21 20:08:33,BUY,Up,0.44,10.0,4.4,"Bitcoin Up or Down - March 21, 4:05PM-4:10PM ET"
1774123713,2026-03-21 20:08:33,BUY,Down,0.5400001431113847,0.978259,0.5282600000000001,"Bitcoin Up or Down - March 21, 4:05PM-4:10PM ET"
1774123713,2026-03-21 20:08:33,BUY,Up,0.43,10.0,4.3,"Bitcoin Up or Down - March 21, 4:05PM-4:10PM ET"
1774123713,2026-03-21 20:08:33,BUY,Up,0.44,10.0,4.4,"Bitcoin Up or Down - March 21, 4:05PM-4:10PM ET"
1774123715,2026-03-21 20:08:35,BUY,Down,0.55,10.0,5.5,"Bitcoin Up or Down - March 21, 4:05PM-4:10PM ET"
1774123715,2026-03-21 20:08:35,BUY,Down,0.56,6.4,3.5840000000000005,"Bitcoin Up or Down - March 21, 4:05PM-4:10PM ET"
1774123715,2026-03-21 20:08:35,BUY,Up,0.39,10.0,3.9000000000000004,"Bitcoin Up or Down - March 21, 4:05PM-4:10PM ET"
1774123715,2026-03-21 20:08:35,BUY,Up,0.4,8.0,3.2,"Bitcoin Up or Down - March 21, 4:05PM-4:10PM ET"
1774123715,2026-03-21 20:08:35,BUY,Up,0.41,10.0,4.1,"Bitcoin Up or Down - March 21, 4:05PM-4:10PM ET"
1774123715,2026-03-21 20:08:35,BUY,Up,0.42,10.0,4.2,"Bitcoin Up or Down - March 21, 4:05PM-4:10PM ET"
1774123715,2026-03-21 20:08:35,BUY,Down,0.53,7.52,3.9856,"Bitcoin Up or Down - March 21, 4:05PM-4:10PM ET"
1774123715,2026-03-21 20:08:35,BUY,Down,0.5600001113079097,3.593635,2.012436,"Bitcoin Up or Down - March 21, 4:05PM-4:10PM ET"
1774123715,2026-03-21 20:08:35,BUY,Up,0.41,10.0,4.1,"Bitcoin Up or Down - March 21, 4:05PM-4:10PM ET"
1774123715,2026-03-21 20:08:35,BUY,Up,0.42,10.0,4.2,"Bitcoin Up or Down - March 21, 4:05PM-4:10PM ET"
1774123715,2026-03-21 20:08:35,BUY,Up,0.43,10.0,4.3,"Bitcoin Up or Down - March 21, 4:05PM-4:10PM ET"
1774123715,2026-03-21 20:08:35,BUY,Down,0.55,10.0,5.5,"Bitcoin Up or Down - March 21, 4:05PM-4:10PM ET"
1774123715,2026-03-21 20:08:35,BUY,Down,0.52,10.0,5.2,"Bitcoin Up or Down - March 21, 4:05PM-4:10PM ET"
1774123715,2026-03-21 20:08:35,BUY,Down,0.53,10.0,5.300000000000001,"Bitcoin Up or Down - March 21, 4:05PM-4:10PM ET"
1774123715,2026-03-21 20:08:35,BUY,Down,0.54,10.0,5.4,"Bitcoin Up or Down - March 21, 4:05PM-4:10PM ET"
1774123715,2026-03-21 20:08:35,BUY,Down,0.55,10.0,5.5,"Bitcoin Up or Down - March 21, 4:05PM-4:10PM ET"
1774123715,2026-03-21 20:08:35,BUY,Down,0.55,10.0,5.5,"Bitcoin Up or Down - March 21, 4:05PM-4:10PM ET"
1774123715,2026-03-21 20:08:35,BUY,Down,0.54,5.5,2.97,"Bitcoin Up or Down - March 21, 4:05PM-4:10PM ET"
1774123715,2026-03-21 20:08:35,BUY,Down,0.53,2.48,1.3144,"Bitcoin Up or Down - March 21, 4:05PM-4:10PM ET"
1774123715,2026-03-21 20:08:35,BUY,Down,0.54,10.0,5.4,"Bitcoin Up or Down - March 21, 4:05PM-4:10PM ET"
1774123717,2026-03-21 20:08:37,BUY,Down,0.53,10.0,5.300000000000001,"Bitcoin Up or Down - March 21, 4:05PM-4:10PM ET"
1774123717,2026-03-21 20:08:37,BUY,Down,0.52,2.1,1.092,"Bitcoin Up or Down - March 21, 4:05PM-4:10PM ET"
1774123717,2026-03-21 20:08:37,BUY,Up,0.46,0.92,0.4232,"Bitcoin Up or Down - March 21, 4:05PM-4:10PM ET"
1774123717,2026-03-21 20:08:37,BUY,Up,0.46000010309093625,4.074073,1.874074,"Bitcoin Up or Down - March 21, 4:05PM-4:10PM ET"
1774123717,2026-03-21 20:08:37,BUY,Down,0.5200003269763678,0.611665,0.318066,"Bitcoin Up or Down - March 21, 4:05PM-4:10PM ET"
1774123717,2026-03-21 20:08:37,BUY,Up,0.46,5.0,2.3000000000000003,"Bitcoin Up or Down - March 21, 4:05PM-4:10PM ET"
1774123717,2026-03-21 20:08:37,BUY,Up,0.45,8.4,3.7800000000000002,"Bitcoin Up or Down - March 21, 4:05PM-4:10PM ET"
1774123717,2026-03-21 20:08:37,BUY,Up,0.45000014765116525,1.354544,0.609545,"Bitcoin Up or Down - March 21, 4:05PM-4:10PM ET"
1774123717,2026-03-21 20:08:37,BUY,Down,0.52,10.0,5.2,"Bitcoin Up or Down - March 21, 4:05PM-4:10PM ET"
1774123717,2026-03-21 20:08:37,BUY,Down,0.53,10.0,5.300000000000001,"Bitcoin Up or Down - March 21, 4:05PM-4:10PM ET"
1774123717,2026-03-21 20:08:37,BUY,Down,0.54,10.0,5.4,"Bitcoin Up or Down - March 21, 4:05PM-4:10PM ET"
1774123717,2026-03-21 20:08:37,BUY,Down,0.53,10.0,5.300000000000001,"Bitcoin Up or Down - March 21, 4:05PM-4:10PM ET"
1774123717,2026-03-21 20:08:37,BUY,Down,0.54,4.5,2.43,"Bitcoin Up or Down - March 21, 4:05PM-4:10PM ET"
1774123717,2026-03-21 20:08:37,BUY,Up,0.45,10.0,4.5,"Bitcoin Up or Down - March 21, 4:05PM-4:10PM ET"
1774123717,2026-03-21 20:08:37,BUY,Down,0.52,2.98,1.5496,"Bitcoin Up or Down - March 21, 4:05PM-4:10PM ET"
1774123717,2026-03-21 20:08:37,BUY,Down,0.5300000347159263,3.744679,1.9846800000000002,"Bitcoin Up or Down - March 21, 4:05PM-4:10PM ET"
1774123717,2026-03-21 20:08:37,BUY,Down,0.52,4.296875,2.234375,"Bitcoin Up or Down - March 21, 4:05PM-4:10PM ET"
1774123717,2026-03-21 20:08:37,BUY,Down,0.53,6.25,3.3125,"Bitcoin Up or Down - March 21, 4:05PM-4:10PM ET"
1774123717,2026-03-21 20:08:37,BUY,Up,0.44,10.0,4.4,"Bitcoin Up or Down - March 21, 4:05PM-4:10PM ET"
1774123717,2026-03-21 20:08:37,BUY,Up,0.45,0.24,0.108,"Bitcoin Up or Down - March 21, 4:05PM-4:10PM ET"
1774123717,2026-03-21 20:08:37,BUY,Up,0.46,10.0,4.6000000000000005,"Bitcoin Up or Down - March 21, 4:05PM-4:10PM ET"
1774123717,2026-03-21 20:08:37,BUY,Down,0.52,10.0,5.2,"Bitcoin Up or Down - March 21, 4:05PM-4:10PM ET"
1774123719,2026-03-21 20:08:39,BUY,Up,0.45,3.08,1.3860000000000001,"Bitcoin Up or Down - March 21, 4:05PM-4:10PM ET"
1774123719,2026-03-21 20:08:39,BUY,Down,0.5300001200270124,1.582977,0.838978,"Bitcoin Up or Down - March 21, 4:05PM-4:10PM ET"
1774123719,2026-03-21 20:08:39,BUY,Down,0.54,7.6,4.104,"Bitcoin Up or Down - March 21, 4:05PM-4:10PM ET"
1774123719,2026-03-21 20:08:39,BUY,Up,0.43,10.0,4.3,"Bitcoin Up or Down - March 21, 4:05PM-4:10PM ET"
1774123719,2026-03-21 20:08:39,BUY,Up,0.44,10.0,4.4,"Bitcoin Up or Down - March 21, 4:05PM-4:10PM ET"
1774123719,2026-03-21 20:08:39,BUY,Up,0.45,10.0,4.5,"Bitcoin Up or Down - March 21, 4:05PM-4:10PM ET"
1774123719,2026-03-21 20:08:39,BUY,Up,0.46,10.0,4.6000000000000005,"Bitcoin Up or Down - March 21, 4:05PM-4:10PM ET"
1774123719,2026-03-21 20:08:39,BUY,Down,0.5400001589091805,2.391303,1.2913040000000002,"Bitcoin Up or Down - March 21, 4:05PM-4:10PM ET"
1774123719,2026-03-21 20:08:39,BUY,Down,0.52,5.9,3.0680000000000005,"Bitcoin Up or Down - March 21, 4:05PM-4:10PM ET"
1774123719,2026-03-21 20:08:39,BUY,Down,0.5100000133636421,4.489794,2.289795,"Bitcoin Up or Down - March 21, 4:05PM-4:10PM ET"
1774123719,2026-03-21 20:08:39,BUY,Down,0.51,0.11,0.056100000000000004,"Bitcoin Up or Down - March 21, 4:05PM-4:10PM ET"
1774123719,2026-03-21 20:08:39,BUY,Down,0.5100000158864059,3.147345,1.6051460000000002,"Bitcoin Up or Down - March 21, 4:05PM-4:10PM ET"
1774123719,2026-03-21 20:08:39,BUY,Down,0.52,10.0,5.2,"Bitcoin Up or Down - March 21, 4:05PM-4:10PM ET"
1774123719,2026-03-21 20:08:39,BUY,Down,0.53,7.65,4.0545,"Bitcoin Up or Down - March 21, 4:05PM-4:10PM ET"
1774123719,2026-03-21 20:08:39,BUY,Down,0.5300001196364419,2.340424,1.2404249999999999,"Bitcoin Up or Down - March 21, 4:05PM-4:10PM ET"
1774123719,2026-03-21 20:08:39,BUY,Up,0.45,10.0,4.5,"Bitcoin Up or Down - March 21, 4:05PM-4:10PM ET"
1774123719,2026-03-21 20:08:39,BUY,Up,0.45,5.1,2.295,"Bitcoin Up or Down - March 21, 4:05PM-4:10PM ET"
1774123719,2026-03-21 20:08:39,BUY,Down,0.5100000178181974,2.244896,1.1448969999999998,"Bitcoin Up or Down - March 21, 4:05PM-4:10PM ET"
1774123719,2026-03-21 20:08:39,BUY,Down,0.52,4.1,2.1319999999999997,"Bitcoin Up or Down - March 21, 4:05PM-4:10PM ET"
1774123719,2026-03-21 20:08:39,BUY,Down,0.53,8.41,4.4573,"Bitcoin Up or Down - March 21, 4:05PM-4:10PM ET"
1774123719,2026-03-21 20:08:39,BUY,Down,0.54,7.25,3.915,"Bitcoin Up or Down - March 21, 4:05PM-4:10PM ET"
1774123719,2026-03-21 20:08:39,BUY,Up,0.45,1.81818,0.8181809999999999,"Bitcoin Up or Down - March 21, 4:05PM-4:10PM ET"
1774123719,2026-03-21 20:08:39,BUY,Down,0.54,2.75,1.485,"Bitcoin Up or Down - March 21, 4:05PM-4:10PM ET"
1774123721,2026-03-21 20:08:41,,,0.0,307.012935,0.0,"Bitcoin Up or Down - March 21, 4:05PM-4:10PM ET"
1774123721,2026-03-21 20:08:41,BUY,Down,0.53,5.0,2.6500000000000004,"Bitcoin Up or Down - March 21, 4:05PM-4:10PM ET"
1774123721,2026-03-21 20:08:41,BUY,Down,0.53,5.0,2.6500000000000004,"Bitcoin Up or Down - March 21, 4:05PM-4:10PM ET"
1774123721,2026-03-21 20:08:41,BUY,Up,0.46000021600011,2.037036,0.9370370000000001,"Bitcoin Up or Down - March 21, 4:05PM-4:10PM ET"
1774123721,2026-03-21 20:08:41,BUY,Up,0.4500000699153046,2.145453,0.9654539999999999,"Bitcoin Up or Down - March 21, 4:05PM-4:10PM ET"
1774123721,2026-03-21 20:08:41,BUY,Down,0.52,3.34,1.7368,"Bitcoin Up or Down - March 21, 4:05PM-4:10PM ET"
1774123721,2026-03-21 20:08:41,BUY,Up,0.45,0.52,0.234,"Bitcoin Up or Down - March 21, 4:05PM-4:10PM ET"
1774123721,2026-03-21 20:08:41,BUY,Up,0.45,1.63,0.7334999999999999,"Bitcoin Up or Down - March 21, 4:05PM-4:10PM ET"
1774123721,2026-03-21 20:08:41,BUY,Up,0.46,10.0,4.6000000000000005,"Bitcoin Up or Down - March 21, 4:05PM-4:10PM ET"
1774123721,2026-03-21 20:08:41,BUY,Up,0.45000067402704197,0.148362,0.066763,"Bitcoin Up or Down - March 21, 4:05PM-4:10PM ET"
1774123721,2026-03-21 20:08:41,BUY,Up,0.46,7.96,3.6616,"Bitcoin Up or Down - March 21, 4:05PM-4:10PM ET"
1774123721,2026-03-21 20:08:41,BUY,Down,0.5200002174954552,1.655207,0.860708,"Bitcoin Up or Down - March 21, 4:05PM-4:10PM ET"
1774123721,2026-03-21 20:08:41,BUY,Up,0.46,2.0,0.92,"Bitcoin Up or Down - March 21, 4:05PM-4:10PM ET"
1774123721,2026-03-21 20:08:41,BUY,Down,0.52,10.0,5.2,"Bitcoin Up or Down - March 21, 4:05PM-4:10PM ET"
1774123721,2026-03-21 20:08:41,BUY,Down,0.53,2.94,1.5582,"Bitcoin Up or Down - March 21, 4:05PM-4:10PM ET"
1774123721,2026-03-21 20:08:41,BUY,Down,0.52,4.96,2.5792,"Bitcoin Up or Down - March 21, 4:05PM-4:10PM ET"
1774123721,2026-03-21 20:08:41,BUY,Down,0.5300000283311802,7.05936,3.741461,"Bitcoin Up or Down - March 21, 4:05PM-4:10PM ET"
1774123721,2026-03-21 20:08:41,BUY,Down,0.52,5.0,2.6,"Bitcoin Up or Down - March 21, 4:05PM-4:10PM ET"
1774123721,2026-03-21 20:08:41,BUY,Up,0.4500000702875534,5.690908,2.560909,"Bitcoin Up or Down - March 21, 4:05PM-4:10PM ET"
1774123721,2026-03-21 20:08:41,BUY,Up,0.46,8.0,3.68,"Bitcoin Up or Down - March 21, 4:05PM-4:10PM ET"
1774123721,2026-03-21 20:08:41,BUY,Down,0.52,0.47,0.2444,"Bitcoin Up or Down - March 21, 4:05PM-4:10PM ET"
1774123721,2026-03-21 20:08:41,BUY,Down,0.52,4.5625,2.3725,"Bitcoin Up or Down - March 21, 4:05PM-4:10PM ET"
1774123723,2026-03-21 20:08:43,BUY,Up,0.4700000349800047,9.433961,4.433962,"Bitcoin Up or Down - March 21, 4:05PM-4:10PM ET"
1774123723,2026-03-21 20:08:43,BUY,Down,0.5,10.0,5.0,"Bitcoin Up or Down - March 21, 4:05PM-4:10PM ET"
1774123723,2026-03-21 20:08:43,BUY,Down,0.51,10.0,5.1,"Bitcoin Up or Down - March 21, 4:05PM-4:10PM ET"
1774123723,2026-03-21 20:08:43,BUY,Down,0.52,10.0,5.2,"Bitcoin Up or Down - March 21, 4:05PM-4:10PM ET"
1774123723,2026-03-21 20:08:43,BUY,Up,0.45,1.81818,0.8181809999999999,"Bitcoin Up or Down - March 21, 4:05PM-4:10PM ET"
1774123723,2026-03-21 20:08:43,BUY,Down,0.4900000204000033,9.80392,4.803921,"Bitcoin Up or Down - March 21, 4:05PM-4:10PM ET"
1774123723,2026-03-21 20:08:43,BUY,Up,0.48,3.9675,1.9043999999999999,"Bitcoin Up or Down - March 21, 4:05PM-4:10PM ET"
1774123723,2026-03-21 20:08:43,BUY,Up,0.49,0.19,0.0931,"Bitcoin Up or Down - March 21, 4:05PM-4:10PM ET"
1774123723,2026-03-21 20:08:43,BUY,Up,0.4900000204000033,9.80392,4.803921,"Bitcoin Up or Down - March 21, 4:05PM-4:10PM ET"
1774123723,2026-03-21 20:08:43,BUY,Up,0.5,10.0,5.0,"Bitcoin Up or Down - March 21, 4:05PM-4:10PM ET"
1774123723,2026-03-21 20:08:43,BUY,Up,0.48000006151421865,3.901537,1.872738,"Bitcoin Up or Down - March 21, 4:05PM-4:10PM ET"
1774123723,2026-03-21 20:08:43,BUY,Down,0.48,10.0,4.8,"Bitcoin Up or Down - March 21, 4:05PM-4:10PM ET"
1774123723,2026-03-21 20:08:43,BUY,Down,0.49,10.0,4.9,"Bitcoin Up or Down - March 21, 4:05PM-4:10PM ET"
1774123723,2026-03-21 20:08:43,BUY,Down,0.5,10.0,5.0,"Bitcoin Up or Down - March 21, 4:05PM-4:10PM ET"
1774123723,2026-03-21 20:08:43,BUY,Up,0.48,2.12,1.0176,"Bitcoin Up or Down - March 21, 4:05PM-4:10PM ET"
1774123723,2026-03-21 20:08:43,BUY,Down,0.49,10.0,4.9,"Bitcoin Up or Down - March 21, 4:05PM-4:10PM ET"
1774123723,2026-03-21 20:08:43,BUY,Down,0.5,10.0,5.0,"Bitcoin Up or Down - March 21, 4:05PM-4:10PM ET"
1774123723,2026-03-21 20:08:43,BUY,Up,0.4900001683001128,1.960783,0.960784,"Bitcoin Up or Down - March 21, 4:05PM-4:10PM ET"
1774123723,2026-03-21 20:08:43,BUY,Down,0.5,10.0,5.0,"Bitcoin Up or Down - March 21, 4:05PM-4:10PM ET"
1774123723,2026-03-21 20:08:43,BUY,Down,0.51,10.0,5.1,"Bitcoin Up or Down - March 21, 4:05PM-4:10PM ET"
1774123723,2026-03-21 20:08:43,BUY,Up,0.49,3.56,1.7444,"Bitcoin Up or Down - March 21, 4:05PM-4:10PM ET"
1774123723,2026-03-21 20:08:43,BUY,Down,0.5,10.0,5.0,"Bitcoin Up or Down - March 21, 4:05PM-4:10PM ET"
1774123723,2026-03-21 20:08:43,BUY,Down,0.51,10.0,5.1,"Bitcoin Up or Down - March 21, 4:05PM-4:10PM ET"
1774123723,2026-03-21 20:08:43,BUY,Down,0.52,10.0,5.2,"Bitcoin Up or Down - March 21, 4:05PM-4:10PM ET"
1774123723,2026-03-21 20:08:43,BUY,Up,0.4900001923685172,2.235293,1.095294,"Bitcoin Up or Down - March 21, 4:05PM-4:10PM ET"
1774123723,2026-03-21 20:08:43,BUY,Up,0.49,2.23,1.0927,"Bitcoin Up or Down - March 21, 4:05PM-4:10PM ET"
1774123723,2026-03-21 20:08:43,BUY,Up,0.47,0.56,0.2632,"Bitcoin Up or Down - March 21, 4:05PM-4:10PM ET"
1774123723,2026-03-21 20:08:43,BUY,Up,0.4700001219000939,3.773582,1.7735840000000003,"Bitcoin Up or Down - March 21, 4:05PM-4:10PM ET"
1774123723,2026-03-21 20:08:43,BUY,Down,0.52,10.0,5.2,"Bitcoin Up or Down - March 21, 4:05PM-4:10PM ET"
1774123725,2026-03-21 20:08:45,BUY,Up,0.48,10.0,4.8,"Bitcoin Up or Down - March 21, 4:05PM-4:10PM ET"
1774123725,2026-03-21 20:08:45,BUY,Up,0.46,10.0,4.6000000000000005,"Bitcoin Up or Down - March 21, 4:05PM-4:10PM ET"
1774123725,2026-03-21 20:08:45,BUY,Up,0.47,6.22,2.9233999999999996,"Bitcoin Up or Down - March 21, 4:05PM-4:10PM ET"
1774123725,2026-03-21 20:08:45,BUY,Up,0.48,10.0,4.8,"Bitcoin Up or Down - March 21, 4:05PM-4:10PM ET"
1774123725,2026-03-21 20:08:45,BUY,Up,0.49,10.0,4.9,"Bitcoin Up or Down - March 21, 4:05PM-4:10PM ET"
1774123725,2026-03-21 20:08:45,BUY,Up,0.5,10.0,5.0,"Bitcoin Up or Down - March 21, 4:05PM-4:10PM ET"
1774123725,2026-03-21 20:08:45,BUY,Up,0.49,8.03,3.9346999999999994,"Bitcoin Up or Down - March 21, 4:05PM-4:10PM ET"
1774123725,2026-03-21 20:08:45,BUY,Down,0.49,0.19,0.0931,"Bitcoin Up or Down - March 21, 4:05PM-4:10PM ET"
1774123725,2026-03-21 20:08:45,BUY,Up,0.4900001683001128,1.960783,0.960784,"Bitcoin Up or Down - March 21, 4:05PM-4:10PM ET"
1774123725,2026-03-21 20:08:45,BUY,Down,0.49,10.0,4.9,"Bitcoin Up or Down - March 21, 4:05PM-4:10PM ET"
1774123725,2026-03-21 20:08:45,BUY,Up,0.49,10.0,4.9,"Bitcoin Up or Down - March 21, 4:05PM-4:10PM ET"
1774123725,2026-03-21 20:08:45,BUY,Up,0.49000018112160026,2.098038,1.028039,"Bitcoin Up or Down - March 21, 4:05PM-4:10PM ET"
1774123725,2026-03-21 20:08:45,BUY,Down,0.47,10.0,4.699999999999999,"Bitcoin Up or Down - March 21, 4:05PM-4:10PM ET"
1774123725,2026-03-21 20:08:45,BUY,Down,0.48,10.0,4.8,"Bitcoin Up or Down - March 21, 4:05PM-4:10PM ET"
1774123725,2026-03-21 20:08:45,BUY,Down,0.49,10.0,4.9,"Bitcoin Up or Down - March 21, 4:05PM-4:10PM ET"
1774123725,2026-03-21 20:08:45,BUY,Down,0.5,10.0,5.0,"Bitcoin Up or Down - March 21, 4:05PM-4:10PM ET"
1774123725,2026-03-21 20:08:45,BUY,Down,0.51,10.0,5.1,"Bitcoin Up or Down - March 21, 4:05PM-4:10PM ET"
1774123725,2026-03-21 20:08:45,BUY,Up,0.47,10.0,4.699999999999999,"Bitcoin Up or Down - March 21, 4:05PM-4:10PM ET"
1774123725,2026-03-21 20:08:45,BUY,Up,0.49,5.0,2.45,"Bitcoin Up or Down - March 21, 4:05PM-4:10PM ET"
1774123725,2026-03-21 20:08:45,BUY,Up,0.47,4.19,1.9693,"Bitcoin Up or Down - March 21, 4:05PM-4:10PM ET"
1774123725,2026-03-21 20:08:45,BUY,Up,0.48,10.0,4.8,"Bitcoin Up or Down - March 21, 4:05PM-4:10PM ET"
1774123725,2026-03-21 20:08:45,BUY,Up,0.48,10.0,4.8,"Bitcoin Up or Down - March 21, 4:05PM-4:10PM ET"
1774123725,2026-03-21 20:08:45,BUY,Up,0.4700000413685545,5.801508,2.726709,"Bitcoin Up or Down - March 21, 4:05PM-4:10PM ET"
1774123725,2026-03-21 20:08:45,BUY,Up,0.48,10.0,4.8,"Bitcoin Up or Down - March 21, 4:05PM-4:10PM ET"
1774123725,2026-03-21 20:08:45,BUY,Up,0.49,4.6,2.254,"Bitcoin Up or Down - March 21, 4:05PM-4:10PM ET"
1774123725,2026-03-21 20:08:45,BUY,Up,0.49000000927273046,5.392155,2.642156,"Bitcoin Up or Down - March 21, 4:05PM-4:10PM ET"
1774123725,2026-03-21 20:08:45,BUY,Up,0.48,10.0,4.8,"Bitcoin Up or Down - March 21, 4:05PM-4:10PM ET"
1774123725,2026-03-21 20:08:45,BUY,Down,0.47,10.0,4.699999999999999,"Bitcoin Up or Down - March 21, 4:05PM-4:10PM ET"
1774123725,2026-03-21 20:08:45,BUY,Down,0.48,8.4,4.032,"Bitcoin Up or Down - March 21, 4:05PM-4:10PM ET"
1774123725,2026-03-21 20:08:45,BUY,Down,0.49,10.0,4.9,"Bitcoin Up or Down - March 21, 4:05PM-4:10PM ET"
1774123725,2026-03-21 20:08:45,BUY,Down,0.5,10.0,5.0,"Bitcoin Up or Down - March 21, 4:05PM-4:10PM ET"
1774123725,2026-03-21 20:08:45,BUY,Down,0.48,1.6,0.768,"Bitcoin Up or Down - March 21, 4:05PM-4:10PM ET"
1774123725,2026-03-21 20:08:45,BUY,Down,0.49,10.0,4.9,"Bitcoin Up or Down - March 21, 4:05PM-4:10PM ET"
1774123725,2026-03-21 20:08:45,BUY,Down,0.5,10.0,5.0,"Bitcoin Up or Down - March 21, 4:05PM-4:10PM ET"
1774123725,2026-03-21 20:08:45,BUY,Down,0.51,10.0,5.1,"Bitcoin Up or Down - March 21, 4:05PM-4:10PM ET"
1774123727,2026-03-21 20:08:47,,,0.0,274.687144,0.0,"Bitcoin Up or Down - March 21, 4:05PM-4:10PM ET"
1774123727,2026-03-21 20:08:47,BUY,Up,0.51,1.08,0.5508000000000001,"Bitcoin Up or Down - March 21, 4:05PM-4:10PM ET"
1774123727,2026-03-21 20:08:47,,,0.0,274.687144,0.0,"Bitcoin Up or Down - March 21, 4:05PM-4:10PM ET"
1774123727,2026-03-21 20:08:47,BUY,Up,0.51,1.08,0.5508000000000001,"Bitcoin Up or Down - March 21, 4:05PM-4:10PM ET"
1774123727,2026-03-21 20:08:47,BUY,Up,0.51,5.0,2.55,"Bitcoin Up or Down - March 21, 4:05PM-4:10PM ET"
1774123727,2026-03-21 20:08:47,BUY,Up,0.5,10.0,5.0,"Bitcoin Up or Down - March 21, 4:05PM-4:10PM ET"
1774123727,2026-03-21 20:08:47,BUY,Down,0.45,4.17,1.8765,"Bitcoin Up or Down - March 21, 4:05PM-4:10PM ET"
1774123727,2026-03-21 20:08:47,BUY,Down,0.46,10.0,4.6000000000000005,"Bitcoin Up or Down - March 21, 4:05PM-4:10PM ET"
1774123727,2026-03-21 20:08:47,BUY,Down,0.47,10.0,4.699999999999999,"Bitcoin Up or Down - March 21, 4:05PM-4:10PM ET"
1774123727,2026-03-21 20:08:47,BUY,Down,0.48,6.1,2.928,"Bitcoin Up or Down - March 21, 4:05PM-4:10PM ET"
1774123727,2026-03-21 20:08:47,BUY,Up,0.51,4.59,2.3409,"Bitcoin Up or Down - March 21, 4:05PM-4:10PM ET"
1774123727,2026-03-21 20:08:47,BUY,Up,0.5100000702641674,5.408162,2.758163,"Bitcoin Up or Down - March 21, 4:05PM-4:10PM ET"
1774123727,2026-03-21 20:08:47,BUY,Down,0.47,10.0,4.699999999999999,"Bitcoin Up or Down - March 21, 4:05PM-4:10PM ET"
1774123727,2026-03-21 20:08:47,BUY,Down,0.48,10.0,4.8,"Bitcoin Up or Down - March 21, 4:05PM-4:10PM ET"
1774123727,2026-03-21 20:08:47,BUY,Down,0.49,10.0,4.9,"Bitcoin Up or Down - March 21, 4:05PM-4:10PM ET"
1774123727,2026-03-21 20:08:47,BUY,Down,0.5,10.0,5.0,"Bitcoin Up or Down - March 21, 4:05PM-4:10PM ET"
1774123727,2026-03-21 20:08:47,BUY,Down,0.48,3.9,1.8719999999999999,"Bitcoin Up or Down - March 21, 4:05PM-4:10PM ET"
1774123727,2026-03-21 20:08:47,BUY,Down,0.49,10.0,4.9,"Bitcoin Up or Down - March 21, 4:05PM-4:10PM ET"
1774123727,2026-03-21 20:08:47,BUY,Up,0.48,4.57,2.1936,"Bitcoin Up or Down - March 21, 4:05PM-4:10PM ET"
1774123727,2026-03-21 20:08:47,BUY,Up,0.48,5.423075,2.6030759999999997,"Bitcoin Up or Down - March 21, 4:05PM-4:10PM ET"
1774123729,2026-03-21 20:08:49,BUY,Up,0.46,10.0,4.6000000000000005,"Bitcoin Up or Down - March 21, 4:05PM-4:10PM ET"
1774123729,2026-03-21 20:08:49,BUY,Up,0.47,10.0,4.699999999999999,"Bitcoin Up or Down - March 21, 4:05PM-4:10PM ET"
1774123729,2026-03-21 20:08:49,BUY,Up,0.48,10.0,4.8,"Bitcoin Up or Down - March 21, 4:05PM-4:10PM ET"
1774123729,2026-03-21 20:08:49,BUY,Up,0.49,10.0,4.9,"Bitcoin Up or Down - March 21, 4:05PM-4:10PM ET"
1774123729,2026-03-21 20:08:49,BUY,Up,0.5,10.0,5.0,"Bitcoin Up or Down - March 21, 4:05PM-4:10PM ET"
1774123729,2026-03-21 20:08:49,BUY,Down,0.51,10.0,5.1,"Bitcoin Up or Down - March 21, 4:05PM-4:10PM ET"
1774123729,2026-03-21 20:08:49,BUY,Down,0.52,4.79,2.4908,"Bitcoin Up or Down - March 21, 4:05PM-4:10PM ET"
1774123729,2026-03-21 20:08:49,BUY,Down,0.53,10.0,5.300000000000001,"Bitcoin Up or Down - March 21, 4:05PM-4:10PM ET"
1774123729,2026-03-21 20:08:49,BUY,Down,0.49000003785489554,8.453332,4.142132999999999,"Bitcoin Up or Down - March 21, 4:05PM-4:10PM ET"
1774123729,2026-03-21 20:08:49,BUY,Down,0.5,10.0,5.0,"Bitcoin Up or Down - March 21, 4:05PM-4:10PM ET"
1774123729,2026-03-21 20:08:49,BUY,Down,0.54,4.78,2.5812000000000004,"Bitcoin Up or Down - March 21, 4:05PM-4:10PM ET"
1774123729,2026-03-21 20:08:49,BUY,Up,0.5100000867708632,3.918366,1.998367,"Bitcoin Up or Down - March 21, 4:05PM-4:10PM ET"
1774123729,2026-03-21 20:08:49,BUY,Down,0.49,10.0,4.9,"Bitcoin Up or Down - March 21, 4:05PM-4:10PM ET"
1774123729,2026-03-21 20:08:49,BUY,Down,0.5,10.0,5.0,"Bitcoin Up or Down - March 21, 4:05PM-4:10PM ET"
1774123729,2026-03-21 20:08:49,BUY,Down,0.51,10.0,5.1,"Bitcoin Up or Down - March 21, 4:05PM-4:10PM ET"
1774123729,2026-03-21 20:08:49,BUY,Down,0.52,9.0,4.68,"Bitcoin Up or Down - March 21, 4:05PM-4:10PM ET"
1774123729,2026-03-21 20:08:49,BUY,Down,0.53,10.0,5.300000000000001,"Bitcoin Up or Down - March 21, 4:05PM-4:10PM ET"
1774123729,2026-03-21 20:08:49,BUY,Up,0.27,10.0,2.7,"Bitcoin Up or Down - March 21, 4:05PM-4:10PM ET"
1774123729,2026-03-21 20:08:49,BUY,Up,0.28,10.0,2.8000000000000003,"Bitcoin Up or Down - March 21, 4:05PM-4:10PM ET"
1774123729,2026-03-21 20:08:49,BUY,Up,0.29,10.0,2.9,"Bitcoin Up or Down - March 21, 4:05PM-4:10PM ET"
1774123729,2026-03-21 20:08:49,BUY,Up,0.3,10.0,3.0,"Bitcoin Up or Down - March 21, 4:05PM-4:10PM ET"
1774123729,2026-03-21 20:08:49,BUY,Up,0.31,10.0,3.1,"Bitcoin Up or Down - March 21, 4:05PM-4:10PM ET"
1774123729,2026-03-21 20:08:49,BUY,Up,0.32,10.0,3.2,"Bitcoin Up or Down - March 21, 4:05PM-4:10PM ET"
1774123729,2026-03-21 20:08:49,BUY,Up,0.33,10.0,3.3000000000000003,"Bitcoin Up or Down - March 21, 4:05PM-4:10PM ET"
1774123729,2026-03-21 20:08:49,BUY,Up,0.34,10.0,3.4000000000000004,"Bitcoin Up or Down - March 21, 4:05PM-4:10PM ET"
1774123729,2026-03-21 20:08:49,BUY,Up,0.35,10.0,3.5,"Bitcoin Up or Down - March 21, 4:05PM-4:10PM ET"
1774123729,2026-03-21 20:08:49,BUY,Up,0.36,10.0,3.5999999999999996,"Bitcoin Up or Down - March 21, 4:05PM-4:10PM ET"
1774123729,2026-03-21 20:08:49,BUY,Up,0.37,10.0,3.7,"Bitcoin Up or Down - March 21, 4:05PM-4:10PM ET"
1774123729,2026-03-21 20:08:49,BUY,Up,0.38,10.0,3.8,"Bitcoin Up or Down - March 21, 4:05PM-4:10PM ET"
1774123729,2026-03-21 20:08:49,BUY,Up,0.39,10.0,3.9000000000000004,"Bitcoin Up or Down - March 21, 4:05PM-4:10PM ET"
1774123729,2026-03-21 20:08:49,BUY,Up,0.4,10.0,4.0,"Bitcoin Up or Down - March 21, 4:05PM-4:10PM ET"
1774123729,2026-03-21 20:08:49,BUY,Up,0.41,10.0,4.1,"Bitcoin Up or Down - March 21, 4:05PM-4:10PM ET"
1774123729,2026-03-21 20:08:49,BUY,Up,0.42,10.0,4.2,"Bitcoin Up or Down - March 21, 4:05PM-4:10PM ET"
1774123729,2026-03-21 20:08:49,BUY,Up,0.43,10.0,4.3,"Bitcoin Up or Down - March 21, 4:05PM-4:10PM ET"
1774123729,2026-03-21 20:08:49,BUY,Up,0.44,10.0,4.4,"Bitcoin Up or Down - March 21, 4:05PM-4:10PM ET"
1774123729,2026-03-21 20:08:49,BUY,Down,0.52,1.0,0.52,"Bitcoin Up or Down - March 21, 4:05PM-4:10PM ET"
1774123729,2026-03-21 20:08:49,BUY,Down,0.5,10.0,5.0,"Bitcoin Up or Down - March 21, 4:05PM-4:10PM ET"
1774123729,2026-03-21 20:08:49,BUY,Down,0.51,10.0,5.1,"Bitcoin Up or Down - March 21, 4:05PM-4:10PM ET"
1774123729,2026-03-21 20:08:49,BUY,Down,0.52,10.0,5.2,"Bitcoin Up or Down - March 21, 4:05PM-4:10PM ET"
1774123729,2026-03-21 20:08:49,BUY,Down,0.53,10.0,5.300000000000001,"Bitcoin Up or Down - March 21, 4:05PM-4:10PM ET"
1774123729,2026-03-21 20:08:49,BUY,Down,0.5400000766666858,5.21739,2.8173909999999998,"Bitcoin Up or Down - March 21, 4:05PM-4:10PM ET"
1774123729,2026-03-21 20:08:49,BUY,Down,0.5200000691200177,5.208332,2.7083330000000005,"Bitcoin Up or Down - March 21, 4:05PM-4:10PM ET"
1774123729,2026-03-21 20:08:49,BUY,Up,0.46,0.74,0.34040000000000004,"Bitcoin Up or Down - March 21, 4:05PM-4:10PM ET"
1774123729,2026-03-21 20:08:49,BUY,Down,0.53,10.0,5.300000000000001,"Bitcoin Up or Down - March 21, 4:05PM-4:10PM ET"
1774123729,2026-03-21 20:08:49,BUY,Down,0.54,10.0,5.4,"Bitcoin Up or Down - March 21, 4:05PM-4:10PM ET"
1774123729,2026-03-21 20:08:49,BUY,Down,0.55,10.0,5.5,"Bitcoin Up or Down - March 21, 4:05PM-4:10PM ET"
1774123729,2026-03-21 20:08:49,BUY,Up,0.4600000345600047,9.259258,4.259259,"Bitcoin Up or Down - March 21, 4:05PM-4:10PM ET"
1774123729,2026-03-21 20:08:49,BUY,Down,0.49,10.0,4.9,"Bitcoin Up or Down - March 21, 4:05PM-4:10PM ET"
1774123729,2026-03-21 20:08:49,BUY,Down,0.4700000349800047,9.433961,4.433962,"Bitcoin Up or Down - March 21, 4:05PM-4:10PM ET"
1774123729,2026-03-21 20:08:49,BUY,Down,0.5,10.0,5.0,"Bitcoin Up or Down - March 21, 4:05PM-4:10PM ET"
1774123729,2026-03-21 20:08:49,BUY,Down,0.51,10.0,5.1,"Bitcoin Up or Down - March 21, 4:05PM-4:10PM ET"
1774123729,2026-03-21 20:08:49,BUY,Down,0.52,10.0,5.2,"Bitcoin Up or Down - March 21, 4:05PM-4:10PM ET"
1774123729,2026-03-21 20:08:49,BUY,Down,0.53,10.0,5.300000000000001,"Bitcoin Up or Down - March 21, 4:05PM-4:10PM ET"
1774123729,2026-03-21 20:08:49,BUY,Down,0.54,10.0,5.4,"Bitcoin Up or Down - March 21, 4:05PM-4:10PM ET"
1774123729,2026-03-21 20:08:49,BUY,Down,0.55,10.0,5.5,"Bitcoin Up or Down - March 21, 4:05PM-4:10PM ET"
1774123729,2026-03-21 20:08:49,BUY,Down,0.56,10.0,5.6000000000000005,"Bitcoin Up or Down - March 21, 4:05PM-4:10PM ET"
1774123729,2026-03-21 20:08:49,BUY,Down,0.57,10.0,5.699999999999999,"Bitcoin Up or Down - March 21, 4:05PM-4:10PM ET"
1774123729,2026-03-21 20:08:49,BUY,Down,0.58,10.0,5.8,"Bitcoin Up or Down - March 21, 4:05PM-4:10PM ET"
1774123729,2026-03-21 20:08:49,BUY,Down,0.59,10.0,5.8999999999999995,"Bitcoin Up or Down - March 21, 4:05PM-4:10PM ET"
1774123729,2026-03-21 20:08:49,BUY,Down,0.6,10.0,6.0,"Bitcoin Up or Down - March 21, 4:05PM-4:10PM ET"
1774123729,2026-03-21 20:08:49,BUY,Down,0.61,9.0,5.49,"Bitcoin Up or Down - March 21, 4:05PM-4:10PM ET"
1774123729,2026-03-21 20:08:49,BUY,Down,0.61,1.0,0.61,"Bitcoin Up or Down - March 21, 4:05PM-4:10PM ET"
1774123729,2026-03-21 20:08:49,BUY,Up,0.24,10.0,2.4,"Bitcoin Up or Down - March 21, 4:05PM-4:10PM ET"
1774123729,2026-03-21 20:08:49,BUY,Up,0.25,10.0,2.5,"Bitcoin Up or Down - March 21, 4:05PM-4:10PM ET"
1774123729,2026-03-21 20:08:49,BUY,Up,0.26,10.0,2.6,"Bitcoin Up or Down - March 21, 4:05PM-4:10PM ET"
1774123729,2026-03-21 20:08:49,BUY,Up,0.27,10.0,2.7,"Bitcoin Up or Down - March 21, 4:05PM-4:10PM ET"
1774123729,2026-03-21 20:08:49,BUY,Up,0.28,10.0,2.8000000000000003,"Bitcoin Up or Down - March 21, 4:05PM-4:10PM ET"
1774123729,2026-03-21 20:08:49,BUY,Up,0.29,10.0,2.9,"Bitcoin Up or Down - March 21, 4:05PM-4:10PM ET"
1774123729,2026-03-21 20:08:49,BUY,Up,0.3,10.0,3.0,"Bitcoin Up or Down - March 21, 4:05PM-4:10PM ET"
1774123729,2026-03-21 20:08:49,BUY,Up,0.31,10.0,3.1,"Bitcoin Up or Down - March 21, 4:05PM-4:10PM ET"
1774123729,2026-03-21 20:08:49,BUY,Up,0.32,10.0,3.2,"Bitcoin Up or Down - March 21, 4:05PM-4:10PM ET"
1774123729,2026-03-21 20:08:49,BUY,Up,0.33,10.0,3.3000000000000003,"Bitcoin Up or Down - March 21, 4:05PM-4:10PM ET"
1774123729,2026-03-21 20:08:49,BUY,Up,0.34,10.0,3.4000000000000004,"Bitcoin Up or Down - March 21, 4:05PM-4:10PM ET"
1774123729,2026-03-21 20:08:49,BUY,Up,0.35,10.0,3.5,"Bitcoin Up or Down - March 21, 4:05PM-4:10PM ET"
1774123729,2026-03-21 20:08:49,BUY,Up,0.36,10.0,3.5999999999999996,"Bitcoin Up or Down - March 21, 4:05PM-4:10PM ET"
1774123729,2026-03-21 20:08:49,BUY,Up,0.37,10.0,3.7,"Bitcoin Up or Down - March 21, 4:05PM-4:10PM ET"
1774123729,2026-03-21 20:08:49,BUY,Up,0.38,10.0,3.8,"Bitcoin Up or Down - March 21, 4:05PM-4:10PM ET"
1774123729,2026-03-21 20:08:49,BUY,Up,0.39,10.0,3.9000000000000004,"Bitcoin Up or Down - March 21, 4:05PM-4:10PM ET"
1774123729,2026-03-21 20:08:49,BUY,Up,0.4,10.0,4.0,"Bitcoin Up or Down - March 21, 4:05PM-4:10PM ET"
1774123729,2026-03-21 20:08:49,BUY,Up,0.41,10.0,4.1,"Bitcoin Up or Down - March 21, 4:05PM-4:10PM ET"
1774123729,2026-03-21 20:08:49,BUY,Up,0.42,10.0,4.2,"Bitcoin Up or Down - March 21, 4:05PM-4:10PM ET"
1774123729,2026-03-21 20:08:49,BUY,Up,0.43,10.0,4.3,"Bitcoin Up or Down - March 21, 4:05PM-4:10PM ET"
1774123729,2026-03-21 20:08:49,BUY,Up,0.44,10.0,4.4,"Bitcoin Up or Down - March 21, 4:05PM-4:10PM ET"
1774123729,2026-03-21 20:08:49,BUY,Up,0.45,8.03,3.6134999999999997,"Bitcoin Up or Down - March 21, 4:05PM-4:10PM ET"
1774123729,2026-03-21 20:08:49,BUY,Up,0.37,10.0,3.7,"Bitcoin Up or Down - March 21, 4:05PM-4:10PM ET"
1774123729,2026-03-21 20:08:49,BUY,Up,0.38,10.0,3.8,"Bitcoin Up or Down - March 21, 4:05PM-4:10PM ET"
1774123729,2026-03-21 20:08:49,BUY,Up,0.39,10.0,3.9000000000000004,"Bitcoin Up or Down - March 21, 4:05PM-4:10PM ET"
1774123729,2026-03-21 20:08:49,BUY,Up,0.4,10.0,4.0,"Bitcoin Up or Down - March 21, 4:05PM-4:10PM ET"
1774123729,2026-03-21 20:08:49,BUY,Up,0.41,10.0,4.1,"Bitcoin Up or Down - March 21, 4:05PM-4:10PM ET"
1774123729,2026-03-21 20:08:49,BUY,Up,0.42,10.0,4.2,"Bitcoin Up or Down - March 21, 4:05PM-4:10PM ET"
1774123729,2026-03-21 20:08:49,BUY,Up,0.43,10.0,4.3,"Bitcoin Up or Down - March 21, 4:05PM-4:10PM ET"
1774123729,2026-03-21 20:08:49,BUY,Up,0.44,10.0,4.4,"Bitcoin Up or Down - March 21, 4:05PM-4:10PM ET"
1774123729,2026-03-21 20:08:49,BUY,Up,0.45,8.03,3.6134999999999997,"Bitcoin Up or Down - March 21, 4:05PM-4:10PM ET"
1774123731,2026-03-21 20:08:51,BUY,Down,0.49,1.63,0.7987,"Bitcoin Up or Down - March 21, 4:05PM-4:10PM ET"
1774123731,2026-03-21 20:08:51,BUY,Up,0.49,7.71,3.7779,"Bitcoin Up or Down - March 21, 4:05PM-4:10PM ET"
1774123731,2026-03-21 20:08:51,BUY,Up,0.4700001219000939,1.886791,0.8867920000000001,"Bitcoin Up or Down - March 21, 4:05PM-4:10PM ET"
1774123731,2026-03-21 20:08:51,BUY,Up,0.4700001219000939,3.773582,1.7735840000000003,"Bitcoin Up or Down - March 21, 4:05PM-4:10PM ET"
1774123731,2026-03-21 20:08:51,BUY,Down,0.47,10.0,4.699999999999999,"Bitcoin Up or Down - March 21, 4:05PM-4:10PM ET"
1774123731,2026-03-21 20:08:51,BUY,Up,0.4900001683001128,1.960783,0.960784,"Bitcoin Up or Down - March 21, 4:05PM-4:10PM ET"
1774123731,2026-03-21 20:08:51,BUY,Down,0.48,0.16,0.0768,"Bitcoin Up or Down - March 21, 4:05PM-4:10PM ET"
1774123731,2026-03-21 20:08:51,BUY,Up,0.480000013136568,9.134806,4.384707,"Bitcoin Up or Down - March 21, 4:05PM-4:10PM ET"
1774123731,2026-03-21 20:08:51,BUY,Up,0.4900002010800622,2.287646,1.120947,"Bitcoin Up or Down - March 21, 4:05PM-4:10PM ET"
1774123731,2026-03-21 20:08:51,BUY,Down,0.48,0.22,0.1056,"Bitcoin Up or Down - March 21, 4:05PM-4:10PM ET"
1774123731,2026-03-21 20:08:51,BUY,Down,0.48,5.0,2.4,"Bitcoin Up or Down - March 21, 4:05PM-4:10PM ET"
1774123731,2026-03-21 20:08:51,BUY,Down,0.45,5.83,2.6235,"Bitcoin Up or Down - March 21, 4:05PM-4:10PM ET"
1774123731,2026-03-21 20:08:51,BUY,Down,0.46,10.0,4.6000000000000005,"Bitcoin Up or Down - March 21, 4:05PM-4:10PM ET"
1774123731,2026-03-21 20:08:51,BUY,Down,0.47,10.0,4.699999999999999,"Bitcoin Up or Down - March 21, 4:05PM-4:10PM ET"
1774123731,2026-03-21 20:08:51,BUY,Down,0.48,5.0,2.4,"Bitcoin Up or Down - March 21, 4:05PM-4:10PM ET"
1774123731,2026-03-21 20:08:51,BUY,Down,0.4800000166400028,9.615383,4.615384,"Bitcoin Up or Down - March 21, 4:05PM-4:10PM ET"
1774123731,2026-03-21 20:08:51,BUY,Down,0.47,10.0,4.699999999999999,"Bitcoin Up or Down - March 21, 4:05PM-4:10PM ET"
1774123731,2026-03-21 20:08:51,BUY,Down,0.48,10.0,4.8,"Bitcoin Up or Down - March 21, 4:05PM-4:10PM ET"
1774123731,2026-03-21 20:08:51,BUY,Down,0.49,10.0,4.9,"Bitcoin Up or Down - March 21, 4:05PM-4:10PM ET"
1774123731,2026-03-21 20:08:51,BUY,Down,0.47,0.56,0.2632,"Bitcoin Up or Down - March 21, 4:05PM-4:10PM ET"
1774123731,2026-03-21 20:08:51,BUY,Down,0.48,10.0,4.8,"Bitcoin Up or Down - March 21, 4:05PM-4:10PM ET"
1774123731,2026-03-21 20:08:51,BUY,Down,0.49,1.54,0.7546,"Bitcoin Up or Down - March 21, 4:05PM-4:10PM ET"
1774123731,2026-03-21 20:08:51,BUY,Down,0.5,10.0,5.0,"Bitcoin Up or Down - March 21, 4:05PM-4:10PM ET"
1774123731,2026-03-21 20:08:51,BUY,Down,0.51,10.0,5.1,"Bitcoin Up or Down - March 21, 4:05PM-4:10PM ET"
1774123731,2026-03-21 20:08:51,BUY,Down,0.52,10.0,5.2,"Bitcoin Up or Down - March 21, 4:05PM-4:10PM ET"
1774123731,2026-03-21 20:08:51,BUY,Down,0.53,10.0,5.300000000000001,"Bitcoin Up or Down - March 21, 4:05PM-4:10PM ET"
1774123733,2026-03-21 20:08:53,BUY,Up,0.4600000216000099,3.703702,1.7037029999999997,"Bitcoin Up or Down - March 21, 4:05PM-4:10PM ET"
1774123733,2026-03-21 20:08:53,BUY,Up,0.4500000087301614,5.727271,2.5772720000000002,"Bitcoin Up or Down - March 21, 4:05PM-4:10PM ET"
1774123733,2026-03-21 20:08:53,BUY,Up,0.45,3.5,1.575,"Bitcoin Up or Down - March 21, 4:05PM-4:10PM ET"
1774123733,2026-03-21 20:08:53,BUY,Up,0.46,1.5,0.6900000000000001,"Bitcoin Up or Down - March 21, 4:05PM-4:10PM ET"
1774123733,2026-03-21 20:08:53,BUY,Up,0.47,10.0,4.699999999999999,"Bitcoin Up or Down - March 21, 4:05PM-4:10PM ET"
1774123733,2026-03-21 20:08:53,BUY,Up,0.4600000877913025,4.784073,2.2006740000000002,"Bitcoin Up or Down - March 21, 4:05PM-4:10PM ET"
1774123733,2026-03-21 20:08:53,BUY,Up,0.47,0.22,0.10339999999999999,"Bitcoin Up or Down - March 21, 4:05PM-4:10PM ET"
1774123733,2026-03-21 20:08:53,BUY,Up,0.4600000216000099,3.703702,1.7037029999999997,"Bitcoin Up or Down - March 21, 4:05PM-4:10PM ET"
1774123733,2026-03-21 20:08:53,BUY,Down,0.5100001715001115,2.040815,1.040816,"Bitcoin Up or Down - March 21, 4:05PM-4:10PM ET"
1774123733,2026-03-21 20:08:53,BUY,Up,0.47,4.11,1.9317,"Bitcoin Up or Down - March 21, 4:05PM-4:10PM ET"
1774123733,2026-03-21 20:08:53,BUY,Down,0.47,10.0,4.699999999999999,"Bitcoin Up or Down - March 21, 4:05PM-4:10PM ET"
1774123733,2026-03-21 20:08:53,BUY,Down,0.48,10.0,4.8,"Bitcoin Up or Down - March 21, 4:05PM-4:10PM ET"
1774123733,2026-03-21 20:08:53,BUY,Up,0.48,0.86,0.4128,"Bitcoin Up or Down - March 21, 4:05PM-4:10PM ET"
1774123733,2026-03-21 20:08:53,BUY,Down,0.49,7.53,3.6897,"Bitcoin Up or Down - March 21, 4:05PM-4:10PM ET"
1774123733,2026-03-21 20:08:53,BUY,Down,0.5,10.0,5.0,"Bitcoin Up or Down - March 21, 4:05PM-4:10PM ET"
1774123733,2026-03-21 20:08:53,BUY,Down,0.51,7.95,4.0545,"Bitcoin Up or Down - March 21, 4:05PM-4:10PM ET"
1774123733,2026-03-21 20:08:53,BUY,Down,0.52,10.0,5.2,"Bitcoin Up or Down - March 21, 4:05PM-4:10PM ET"
1774123733,2026-03-21 20:08:53,BUY,Down,0.53,0.31,0.1643,"Bitcoin Up or Down - March 21, 4:05PM-4:10PM ET"
1774123733,2026-03-21 20:08:53,BUY,Up,0.49,8.03,3.9346999999999994,"Bitcoin Up or Down - March 21, 4:05PM-4:10PM ET"
1774123733,2026-03-21 20:08:53,BUY,Up,0.47,2.46,1.1562,"Bitcoin Up or Down - March 21, 4:05PM-4:10PM ET"
1774123733,2026-03-21 20:08:53,BUY,Up,0.42,2.89,1.2138,"Bitcoin Up or Down - March 21, 4:05PM-4:10PM ET"
1774123733,2026-03-21 20:08:53,BUY,Up,0.43,1.28,0.5504,"Bitcoin Up or Down - March 21, 4:05PM-4:10PM ET"
1774123733,2026-03-21 20:08:53,BUY,Up,0.42,7.11,2.9862,"Bitcoin Up or Down - March 21, 4:05PM-4:10PM ET"
1774123733,2026-03-21 20:08:53,BUY,Up,0.43,8.72,3.7496,"Bitcoin Up or Down - March 21, 4:05PM-4:10PM ET"
1774123733,2026-03-21 20:08:53,BUY,Up,0.44,2.73,1.2012,"Bitcoin Up or Down - March 21, 4:05PM-4:10PM ET"
1774123733,2026-03-21 20:08:53,BUY,Up,0.45,10.0,4.5,"Bitcoin Up or Down - March 21, 4:05PM-4:10PM ET"
1774123733,2026-03-21 20:08:53,BUY,Up,0.46,6.29,2.8934,"Bitcoin Up or Down - March 21, 4:05PM-4:10PM ET"
1774123733,2026-03-21 20:08:53,BUY,Down,0.5,10.0,5.0,"Bitcoin Up or Down - March 21, 4:05PM-4:10PM ET"
1774123733,2026-03-21 20:08:53,BUY,Down,0.52,10.0,5.2,"Bitcoin Up or Down - March 21, 4:05PM-4:10PM ET"
1774123733,2026-03-21 20:08:53,BUY,Down,0.54,10.0,5.4,"Bitcoin Up or Down - March 21, 4:05PM-4:10PM ET"
1774123733,2026-03-21 20:08:53,BUY,Down,0.53,9.69,5.1357,"Bitcoin Up or Down - March 21, 4:05PM-4:10PM ET"
1774123733,2026-03-21 20:08:53,BUY,Up,0.44,1.27,0.5588,"Bitcoin Up or Down - March 21, 4:05PM-4:10PM ET"
1774123733,2026-03-21 20:08:53,BUY,Up,0.45,0.77,0.34650000000000003,"Bitcoin Up or Down - March 21, 4:05PM-4:10PM ET"
1774123733,2026-03-21 20:08:53,BUY,Up,0.46,10.0,4.6000000000000005,"Bitcoin Up or Down - March 21, 4:05PM-4:10PM ET"
1774123733,2026-03-21 20:08:53,BUY,Up,0.47,10.0,4.699999999999999,"Bitcoin Up or Down - March 21, 4:05PM-4:10PM ET"
1774123733,2026-03-21 20:08:53,BUY,Up,0.48,10.0,4.8,"Bitcoin Up or Down - March 21, 4:05PM-4:10PM ET"
1774123733,2026-03-21 20:08:53,BUY,Down,0.5100001715001115,2.040815,1.040816,"Bitcoin Up or Down - March 21, 4:05PM-4:10PM ET"
1774123733,2026-03-21 20:08:53,BUY,Up,0.44,6.0,2.64,"Bitcoin Up or Down - March 21, 4:05PM-4:10PM ET"
1774123733,2026-03-21 20:08:53,BUY,Down,0.4900013770100522,0.196077,0.09607800000000001,"Bitcoin Up or Down - March 21, 4:05PM-4:10PM ET"
1774123733,2026-03-21 20:08:53,BUY,Down,0.5,10.0,5.0,"Bitcoin Up or Down - March 21, 4:05PM-4:10PM ET"
1774123733,2026-03-21 20:08:53,BUY,Down,0.51,10.0,5.1,"Bitcoin Up or Down - March 21, 4:05PM-4:10PM ET"
1774123733,2026-03-21 20:08:53,BUY,Up,0.48,10.0,4.8,"Bitcoin Up or Down - March 21, 4:05PM-4:10PM ET"
1774123733,2026-03-21 20:08:53,BUY,Down,0.49000018918134924,0.634312,0.310813,"Bitcoin Up or Down - March 21, 4:05PM-4:10PM ET"
1774123733,2026-03-21 20:08:53,BUY,Down,0.5,10.0,5.0,"Bitcoin Up or Down - March 21, 4:05PM-4:10PM ET"
1774123733,2026-03-21 20:08:53,BUY,Down,0.51,10.0,5.1,"Bitcoin Up or Down - March 21, 4:05PM-4:10PM ET"
1774123735,2026-03-21 20:08:55,BUY,Down,0.45,1.81818,0.8181809999999999,"Bitcoin Up or Down - March 21, 4:05PM-4:10PM ET"
1774123735,2026-03-21 20:08:55,BUY,Down,0.46000021600011,2.037036,0.9370370000000001,"Bitcoin Up or Down - March 21, 4:05PM-4:10PM ET"
1774123735,2026-03-21 20:08:55,BUY,Up,0.5300001128000481,3.191488,1.691489,"Bitcoin Up or Down - March 21, 4:05PM-4:10PM ET"
1774123735,2026-03-21 20:08:55,BUY,Down,0.45,10.0,4.5,"Bitcoin Up or Down - March 21, 4:05PM-4:10PM ET"
1774123735,2026-03-21 20:08:55,BUY,Down,0.46,4.51,2.0745999999999998,"Bitcoin Up or Down - March 21, 4:05PM-4:10PM ET"
1774123735,2026-03-21 20:08:55,BUY,Down,0.47,10.0,4.699999999999999,"Bitcoin Up or Down - March 21, 4:05PM-4:10PM ET"
1774123735,2026-03-21 20:08:55,BUY,Down,0.46000021600011,2.037036,0.9370370000000001,"Bitcoin Up or Down - March 21, 4:05PM-4:10PM ET"
1774123735,2026-03-21 20:08:55,,,0.0,276.651388,0.0,"Bitcoin Up or Down - March 21, 4:05PM-4:10PM ET"
1774123735,2026-03-21 20:08:55,BUY,Up,0.52000048000192,0.416665,0.216666,"Bitcoin Up or Down - March 21, 4:05PM-4:10PM ET"
1774123735,2026-03-21 20:08:55,BUY,Down,0.4600001734307278,2.537036,1.1670369999999999,"Bitcoin Up or Down - March 21, 4:05PM-4:10PM ET"
1774123735,2026-03-21 20:08:55,BUY,Down,0.46000021600011,2.037036,0.9370370000000001,"Bitcoin Up or Down - March 21, 4:05PM-4:10PM ET"
1774123735,2026-03-21 20:08:55,BUY,Up,0.51,10.0,5.1,"Bitcoin Up or Down - March 21, 4:05PM-4:10PM ET"
1774123735,2026-03-21 20:08:55,BUY,Up,0.5,5.05,2.525,"Bitcoin Up or Down - March 21, 4:05PM-4:10PM ET"
1774123735,2026-03-21 20:08:55,BUY,Down,0.46,10.0,4.6000000000000005,"Bitcoin Up or Down - March 21, 4:05PM-4:10PM ET"
1774123735,2026-03-21 20:08:55,BUY,Down,0.47,10.0,4.699999999999999,"Bitcoin Up or Down - March 21, 4:05PM-4:10PM ET"
1774123735,2026-03-21 20:08:55,BUY,Down,0.48,10.0,4.8,"Bitcoin Up or Down - March 21, 4:05PM-4:10PM ET"
1774123735,2026-03-21 20:08:55,BUY,Down,0.49,10.0,4.9,"Bitcoin Up or Down - March 21, 4:05PM-4:10PM ET"
1774123735,2026-03-21 20:08:55,BUY,Down,0.5,10.0,5.0,"Bitcoin Up or Down - March 21, 4:05PM-4:10PM ET"
1774123735,2026-03-21 20:08:55,BUY,Down,0.51,7.95,4.0545,"Bitcoin Up or Down - March 21, 4:05PM-4:10PM ET"
1774123735,2026-03-21 20:08:55,BUY,Down,0.45,10.0,4.5,"Bitcoin Up or Down - March 21, 4:05PM-4:10PM ET"
1774123735,2026-03-21 20:08:55,BUY,Down,0.46,5.49,2.5254000000000003,"Bitcoin Up or Down - March 21, 4:05PM-4:10PM ET"
1774123735,2026-03-21 20:08:55,BUY,Down,0.47,10.0,4.699999999999999,"Bitcoin Up or Down - March 21, 4:05PM-4:10PM ET"
1774123735,2026-03-21 20:08:55,BUY,Down,0.48,10.0,4.8,"Bitcoin Up or Down - March 21, 4:05PM-4:10PM ET"
1774123735,2026-03-21 20:08:55,BUY,Down,0.45,2.3,1.035,"Bitcoin Up or Down - March 21, 4:05PM-4:10PM ET"
1774123735,2026-03-21 20:08:55,BUY,Down,0.45000010443042604,2.872726,1.2927270000000002,"Bitcoin Up or Down - March 21, 4:05PM-4:10PM ET"
1774123735,2026-03-21 20:08:55,BUY,Down,0.44,0.17,0.0748,"Bitcoin Up or Down - March 21, 4:05PM-4:10PM ET"
1774123735,2026-03-21 20:08:55,BUY,Down,0.45,3.0,1.35,"Bitcoin Up or Down - March 21, 4:05PM-4:10PM ET"
1774123735,2026-03-21 20:08:55,BUY,Down,0.4400000122181838,9.821427,4.321428,"Bitcoin Up or Down - March 21, 4:05PM-4:10PM ET"
1774123735,2026-03-21 20:08:55,BUY,Down,0.46,1.34,0.6164000000000001,"Bitcoin Up or Down - March 21, 4:05PM-4:10PM ET"
1774123735,2026-03-21 20:08:55,BUY,Down,0.45,5.0,2.25,"Bitcoin Up or Down - March 21, 4:05PM-4:10PM ET"
1774123735,2026-03-21 20:08:55,BUY,Down,0.45,5.0,2.25,"Bitcoin Up or Down - March 21, 4:05PM-4:10PM ET"
1774123737,2026-03-21 20:08:57,BUY,Down,0.42,3.25,1.365,"Bitcoin Up or Down - March 21, 4:05PM-4:10PM ET"
1774123737,2026-03-21 20:08:57,BUY,Down,0.42,3.96,1.6632,"Bitcoin Up or Down - March 21, 4:05PM-4:10PM ET"
1774123737,2026-03-21 20:08:57,BUY,Down,0.4200000442748227,4.51724,1.8972410000000002,"Bitcoin Up or Down - March 21, 4:05PM-4:10PM ET"
1774123737,2026-03-21 20:08:57,BUY,Down,0.44,10.0,4.4,"Bitcoin Up or Down - March 21, 4:05PM-4:10PM ET"
1774123737,2026-03-21 20:08:57,BUY,Down,0.4200003853824439,1.03793,0.435931,"Bitcoin Up or Down - March 21, 4:05PM-4:10PM ET"
1774123737,2026-03-21 20:08:57,BUY,Down,0.43,5.4,2.322,"Bitcoin Up or Down - March 21, 4:05PM-4:10PM ET"
1774123737,2026-03-21 20:08:57,BUY,Down,0.43000006526719303,4.59649,1.9764910000000002,"Bitcoin Up or Down - March 21, 4:05PM-4:10PM ET"
1774123737,2026-03-21 20:08:57,BUY,Down,0.42,10.0,4.2,"Bitcoin Up or Down - March 21, 4:05PM-4:10PM ET"
1774123737,2026-03-21 20:08:57,BUY,Down,0.43,10.0,4.3,"Bitcoin Up or Down - March 21, 4:05PM-4:10PM ET"
1774123737,2026-03-21 20:08:57,BUY,Down,0.45,10.0,4.5,"Bitcoin Up or Down - March 21, 4:05PM-4:10PM ET"
1774123737,2026-03-21 20:08:57,BUY,Down,0.45,2.9,1.305,"Bitcoin Up or Down - March 21, 4:05PM-4:10PM ET"
1774123737,2026-03-21 20:08:57,BUY,Down,0.42000000593411235,6.740688,2.831089,"Bitcoin Up or Down - March 21, 4:05PM-4:10PM ET"
1774123737,2026-03-21 20:08:57,BUY,Down,0.43,3.08,1.3244,"Bitcoin Up or Down - March 21, 4:05PM-4:10PM ET"
1774123737,2026-03-21 20:08:57,BUY,Down,0.4300000043401026,6.912279,2.97228,"Bitcoin Up or Down - March 21, 4:05PM-4:10PM ET"
1774123737,2026-03-21 20:08:57,BUY,Down,0.42,5.0,2.1,"Bitcoin Up or Down - March 21, 4:05PM-4:10PM ET"
1774123737,2026-03-21 20:08:57,BUY,Up,0.55,10.0,5.5,"Bitcoin Up or Down - March 21, 4:05PM-4:10PM ET"
1774123737,2026-03-21 20:08:57,BUY,Down,0.44,10.0,4.4,"Bitcoin Up or Down - March 21, 4:05PM-4:10PM ET"
1774123737,2026-03-21 20:08:57,BUY,Down,0.45,5.0,2.25,"Bitcoin Up or Down - March 21, 4:05PM-4:10PM ET"
1774123737,2026-03-21 20:08:57,BUY,Up,0.54,1.75,0.9450000000000001,"Bitcoin Up or Down - March 21, 4:05PM-4:10PM ET"
1774123737,2026-03-21 20:08:57,BUY,Up,0.53,6.8,3.604,"Bitcoin Up or Down - March 21, 4:05PM-4:10PM ET"
1774123737,2026-03-21 20:08:57,BUY,Up,0.54,8.25,4.455,"Bitcoin Up or Down - March 21, 4:05PM-4:10PM ET"
1774123737,2026-03-21 20:08:57,BUY,Down,0.45,2.1,0.9450000000000001,"Bitcoin Up or Down - March 21, 4:05PM-4:10PM ET"
1774123739,2026-03-21 20:08:59,BUY,Up,0.57,1.67,0.9518999999999999,"Bitcoin Up or Down - March 21, 4:05PM-4:10PM ET"
1774123739,2026-03-21 20:08:59,BUY,Down,0.42,3.51,1.4742,"Bitcoin Up or Down - March 21, 4:05PM-4:10PM ET"
1774123739,2026-03-21 20:08:59,BUY,Down,0.42,1.89655,0.7965509999999999,"Bitcoin Up or Down - March 21, 4:05PM-4:10PM ET"
1774123739,2026-03-21 20:08:59,BUY,Down,0.41,10.0,4.1,"Bitcoin Up or Down - March 21, 4:05PM-4:10PM ET"
1774123739,2026-03-21 20:08:59,BUY,Down,0.42,10.0,4.2,"Bitcoin Up or Down - March 21, 4:05PM-4:10PM ET"
1774123739,2026-03-21 20:08:59,BUY,Down,0.43,5.0,2.15,"Bitcoin Up or Down - March 21, 4:05PM-4:10PM ET"
1774123739,2026-03-21 20:08:59,BUY,Down,0.42,1.74,0.7308,"Bitcoin Up or Down - March 21, 4:05PM-4:10PM ET"
1774123739,2026-03-21 20:08:59,BUY,Down,0.43,5.0,2.15,"Bitcoin Up or Down - March 21, 4:05PM-4:10PM ET"
1774123739,2026-03-21 20:08:59,BUY,Down,0.41,10.0,4.1,"Bitcoin Up or Down - March 21, 4:05PM-4:10PM ET"
1774123739,2026-03-21 20:08:59,BUY,Down,0.42,6.16,2.5872,"Bitcoin Up or Down - March 21, 4:05PM-4:10PM ET"
1774123739,2026-03-21 20:08:59,BUY,Down,0.43,10.0,4.3,"Bitcoin Up or Down - March 21, 4:05PM-4:10PM ET"
1774123739,2026-03-21 20:08:59,BUY,Up,0.55,4.55,2.5025,"Bitcoin Up or Down - March 21, 4:05PM-4:10PM ET"
1774123739,2026-03-21 20:08:59,BUY,Up,0.57,5.0,2.8499999999999996,"Bitcoin Up or Down - March 21, 4:05PM-4:10PM ET"
1774123739,2026-03-21 20:08:59,BUY,Up,0.5700001202797708,3.32558,1.895581,"Bitcoin Up or Down - March 21, 4:05PM-4:10PM ET"
1774123739,2026-03-21 20:08:59,BUY,Up,0.54,10.0,5.4,"Bitcoin Up or Down - March 21, 4:05PM-4:10PM ET"
1774123739,2026-03-21 20:08:59,BUY,Up,0.55,10.0,5.5,"Bitcoin Up or Down - March 21, 4:05PM-4:10PM ET"
1774123739,2026-03-21 20:08:59,BUY,Down,0.42000018810821654,1.913792,0.803793,"Bitcoin Up or Down - March 21, 4:05PM-4:10PM ET"
1774123739,2026-03-21 20:08:59,BUY,Down,0.42000018810821654,1.913792,0.803793,"Bitcoin Up or Down - March 21, 4:05PM-4:10PM ET"
1774123739,2026-03-21 20:08:59,BUY,Up,0.55,10.0,5.5,"Bitcoin Up or Down - March 21, 4:05PM-4:10PM ET"
1774123739,2026-03-21 20:08:59,BUY,Up,0.56,10.0,5.6000000000000005,"Bitcoin Up or Down - March 21, 4:05PM-4:10PM ET"
1774123739,2026-03-21 20:08:59,BUY,Up,0.56,9.19,5.1464,"Bitcoin Up or Down - March 21, 4:05PM-4:10PM ET"
1774123739,2026-03-21 20:08:59,BUY,Down,0.4,10.0,4.0,"Bitcoin Up or Down - March 21, 4:05PM-4:10PM ET"
1774123739,2026-03-21 20:08:59,BUY,Up,0.56,0.81,0.45360000000000006,"Bitcoin Up or Down - March 21, 4:05PM-4:10PM ET"
1774123739,2026-03-21 20:08:59,BUY,Down,0.41,10.0,4.1,"Bitcoin Up or Down - March 21, 4:05PM-4:10PM ET"
1774123739,2026-03-21 20:08:59,BUY,Down,0.42,2.32,0.9743999999999999,"Bitcoin Up or Down - March 21, 4:05PM-4:10PM ET"
1774123739,2026-03-21 20:08:59,BUY,Down,0.4200000570492059,3.155171,1.325172,"Bitcoin Up or Down - March 21, 4:05PM-4:10PM ET"
1774123739,2026-03-21 20:08:59,BUY,Up,0.5500000642857313,5.444443,2.9944439999999997,"Bitcoin Up or Down - March 21, 4:05PM-4:10PM ET"
1774123739,2026-03-21 20:08:59,BUY,Up,0.57,10.0,5.699999999999999,"Bitcoin Up or Down - March 21, 4:05PM-4:10PM ET"
1774123739,2026-03-21 20:08:59,BUY,Up,0.58,10.0,5.8,"Bitcoin Up or Down - March 21, 4:05PM-4:10PM ET"
1774123739,2026-03-21 20:08:59,BUY,Up,0.57,5.61,3.1976999999999998,"Bitcoin Up or Down - March 21, 4:05PM-4:10PM ET"
1774123739,2026-03-21 20:08:59,BUY,Up,0.57,4.39,2.5022999999999995,"Bitcoin Up or Down - March 21, 4:05PM-4:10PM ET"
1774123739,2026-03-21 20:08:59,BUY,Up,0.5500000554050999,3.609776,1.985377,"Bitcoin Up or Down - March 21, 4:05PM-4:10PM ET"
1774123739,2026-03-21 20:08:59,BUY,Up,0.56,2.49,1.3944000000000003,"Bitcoin Up or Down - March 21, 4:05PM-4:10PM ET"
1774123739,2026-03-21 20:08:59,BUY,Up,0.5600001936001084,2.272726,1.2727270000000002,"Bitcoin Up or Down - March 21, 4:05PM-4:10PM ET"
1774123739,2026-03-21 20:08:59,BUY,Up,0.5600000459130586,5.227271,2.927272,"Bitcoin Up or Down - March 21, 4:05PM-4:10PM ET"
1774123739,2026-03-21 20:08:59,BUY,Up,0.55,10.0,5.5,"Bitcoin Up or Down - March 21, 4:05PM-4:10PM ET"
1774123739,2026-03-21 20:08:59,BUY,Up,0.56,10.0,5.6000000000000005,"Bitcoin Up or Down - March 21, 4:05PM-4:10PM ET"
1774123741,2026-03-21 20:09:01,BUY,Up,0.54,6.18,3.3372,"Bitcoin Up or Down - March 21, 4:05PM-4:10PM ET"
1774123741,2026-03-21 20:09:01,BUY,Down,0.44,1.73,0.7612,"Bitcoin Up or Down - March 21, 4:05PM-4:10PM ET"
1774123741,2026-03-21 20:09:01,BUY,Up,0.54,10.0,5.4,"Bitcoin Up or Down - March 21, 4:05PM-4:10PM ET"
1774123741,2026-03-21 20:09:01,BUY,Up,0.55,6.39,3.5145,"Bitcoin Up or Down - March 21, 4:05PM-4:10PM ET"
1774123741,2026-03-21 20:09:01,BUY,Down,0.42,2.55,1.071,"Bitcoin Up or Down - March 21, 4:05PM-4:10PM ET"
1774123741,2026-03-21 20:09:01,BUY,Down,0.43,10.0,4.3,"Bitcoin Up or Down - March 21, 4:05PM-4:10PM ET"
1774123741,2026-03-21 20:09:01,BUY,Up,0.54,3.82,2.0628,"Bitcoin Up or Down - March 21, 4:05PM-4:10PM ET"
1774123741,2026-03-21 20:09:01,BUY,Up,0.55,1.96,1.078,"Bitcoin Up or Down - March 21, 4:05PM-4:10PM ET"
1774123741,2026-03-21 20:09:01,BUY,Down,0.39,10.0,3.9000000000000004,"Bitcoin Up or Down - March 21, 4:05PM-4:10PM ET"
1774123741,2026-03-21 20:09:01,BUY,Down,0.4,10.0,4.0,"Bitcoin Up or Down - March 21, 4:05PM-4:10PM ET"
1774123741,2026-03-21 20:09:01,BUY,Down,0.41,10.0,4.1,"Bitcoin Up or Down - March 21, 4:05PM-4:10PM ET"
1774123741,2026-03-21 20:09:01,BUY,Down,0.42,1.14,0.47879999999999995,"Bitcoin Up or Down - March 21, 4:05PM-4:10PM ET"
1774123741,2026-03-21 20:09:01,BUY,Up,0.5900001460275452,1.780486,1.050487,"Bitcoin Up or Down - March 21, 4:05PM-4:10PM ET"
1774123741,2026-03-21 20:09:01,BUY,Down,0.4,10.0,4.0,"Bitcoin Up or Down - March 21, 4:05PM-4:10PM ET"
1774123741,2026-03-21 20:09:01,BUY,Down,0.41,10.0,4.1,"Bitcoin Up or Down - March 21, 4:05PM-4:10PM ET"
1774123741,2026-03-21 20:09:01,BUY,Down,0.42,0.3,0.126,"Bitcoin Up or Down - March 21, 4:05PM-4:10PM ET"
1774123741,2026-03-21 20:09:01,BUY,Down,0.43,10.0,4.3,"Bitcoin Up or Down - March 21, 4:05PM-4:10PM ET"
1774123741,2026-03-21 20:09:01,BUY,Down,0.44,10.0,4.4,"Bitcoin Up or Down - March 21, 4:05PM-4:10PM ET"
1774123741,2026-03-21 20:09:01,BUY,Down,0.45,10.0,4.5,"Bitcoin Up or Down - March 21, 4:05PM-4:10PM ET"
1774123741,2026-03-21 20:09:01,BUY,Down,0.42,8.86,3.7211999999999996,"Bitcoin Up or Down - March 21, 4:05PM-4:10PM ET"
1774123743,2026-03-21 20:09:03,,,0.0,526.736713,0.0,"Bitcoin Up or Down - March 21, 4:05PM-4:10PM ET"
1774123743,2026-03-21 20:09:03,BUY,Up,0.64,3.38449,2.1660736000000003,"Bitcoin Up or Down - March 21, 4:05PM-4:10PM ET"
1774123743,2026-03-21 20:09:03,BUY,Up,0.63,5.0,3.15,"Bitcoin Up or Down - March 21, 4:05PM-4:10PM ET"
1774123743,2026-03-21 20:09:03,BUY,Up,0.57,10.0,5.699999999999999,"Bitcoin Up or Down - March 21, 4:05PM-4:10PM ET"
1774123743,2026-03-21 20:09:03,BUY,Up,0.5800000452001917,4.42476,2.566361,"Bitcoin Up or Down - March 21, 4:05PM-4:10PM ET"
1774123743,2026-03-21 20:09:03,BUY,Up,0.56,3.8875,2.1770000000000005,"Bitcoin Up or Down - March 21, 4:05PM-4:10PM ET"
1774123743,2026-03-21 20:09:03,BUY,Up,0.59,10.0,5.8999999999999995,"Bitcoin Up or Down - March 21, 4:05PM-4:10PM ET"
1774123743,2026-03-21 20:09:03,BUY,Down,0.4,10.0,4.0,"Bitcoin Up or Down - March 21, 4:05PM-4:10PM ET"
1774123743,2026-03-21 20:09:03,BUY,Up,0.59,8.21,4.8439000000000005,"Bitcoin Up or Down - March 21, 4:05PM-4:10PM ET"
1774123745,2026-03-21 20:09:05,BUY,Up,0.6,10.0,6.0,"Bitcoin Up or Down - March 21, 4:05PM-4:10PM ET"
1774123745,2026-03-21 20:09:05,BUY,Up,0.61,10.0,6.1,"Bitcoin Up or Down - March 21, 4:05PM-4:10PM ET"
1774123745,2026-03-21 20:09:05,BUY,Up,0.5800000672358933,3.569522,2.070323,"Bitcoin Up or Down - March 21, 4:05PM-4:10PM ET"
1774123745,2026-03-21 20:09:05,BUY,Up,0.58,10.0,5.8,"Bitcoin Up or Down - March 21, 4:05PM-4:10PM ET"
1774123745,2026-03-21 20:09:05,BUY,Up,0.62,10.0,6.2,"Bitcoin Up or Down - March 21, 4:05PM-4:10PM ET"
1774123745,2026-03-21 20:09:05,BUY,Up,0.63,10.0,6.3,"Bitcoin Up or Down - March 21, 4:05PM-4:10PM ET"
1774123745,2026-03-21 20:09:05,BUY,Up,0.5900001763001005,2.439023,1.439024,"Bitcoin Up or Down - March 21, 4:05PM-4:10PM ET"
1774123745,2026-03-21 20:09:05,BUY,Up,0.59,5.12,3.0208,"Bitcoin Up or Down - March 21, 4:05PM-4:10PM ET"
1774123745,2026-03-21 20:09:05,BUY,Up,0.59,2.44,1.4396,"Bitcoin Up or Down - March 21, 4:05PM-4:10PM ET"
1774123745,2026-03-21 20:09:05,BUY,Down,0.35000002166666955,9.230768,3.2307689999999996,"Bitcoin Up or Down - March 21, 4:05PM-4:10PM ET"
1774123745,2026-03-21 20:09:05,BUY,Up,0.58,10.0,5.8,"Bitcoin Up or Down - March 21, 4:05PM-4:10PM ET"
1774123745,2026-03-21 20:09:05,BUY,Up,0.59,10.0,5.8999999999999995,"Bitcoin Up or Down - March 21, 4:05PM-4:10PM ET"
1774123745,2026-03-21 20:09:05,BUY,Up,0.6,10.0,6.0,"Bitcoin Up or Down - March 21, 4:05PM-4:10PM ET"
1774123745,2026-03-21 20:09:05,BUY,Up,0.61,10.0,6.1,"Bitcoin Up or Down - March 21, 4:05PM-4:10PM ET"
1774123745,2026-03-21 20:09:05,BUY,Up,0.62,10.0,6.2,"Bitcoin Up or Down - March 21, 4:05PM-4:10PM ET"
1774123745,2026-03-21 20:09:05,BUY,Down,0.28,10.0,2.8000000000000003,"Bitcoin Up or Down - March 21, 4:05PM-4:10PM ET"
1774123745,2026-03-21 20:09:05,BUY,Up,0.63,1.82,1.1466,"Bitcoin Up or Down - March 21, 4:05PM-4:10PM ET"
1774123745,2026-03-21 20:09:05,BUY,Up,0.63,3.18,2.0034,"Bitcoin Up or Down - March 21, 4:05PM-4:10PM ET"
1774123745,2026-03-21 20:09:05,BUY,Up,0.64,1.82,1.1648,"Bitcoin Up or Down - March 21, 4:05PM-4:10PM ET"
1774123745,2026-03-21 20:09:05,BUY,Up,0.64,8.18,5.2352,"Bitcoin Up or Down - March 21, 4:05PM-4:10PM ET"
1774123745,2026-03-21 20:09:05,BUY,Up,0.65,10.0,6.5,"Bitcoin Up or Down - March 21, 4:05PM-4:10PM ET"
1774123745,2026-03-21 20:09:05,BUY,Down,0.29,10.0,2.9,"Bitcoin Up or Down - March 21, 4:05PM-4:10PM ET"
1774123745,2026-03-21 20:09:05,BUY,Up,0.56,6.11,3.4216000000000006,"Bitcoin Up or Down - March 21, 4:05PM-4:10PM ET"
1774123745,2026-03-21 20:09:05,BUY,Up,0.58,5.57,3.2306,"Bitcoin Up or Down - March 21, 4:05PM-4:10PM ET"
1774123745,2026-03-21 20:09:05,BUY,Up,0.59,10.0,5.8999999999999995,"Bitcoin Up or Down - March 21, 4:05PM-4:10PM ET"
1774123747,2026-03-21 20:09:07,BUY,Up,0.57,10.0,5.699999999999999,"Bitcoin Up or Down - March 21, 4:05PM-4:10PM ET"
1774123747,2026-03-21 20:09:07,BUY,Up,0.58,6.43,3.7293999999999996,"Bitcoin Up or Down - March 21, 4:05PM-4:10PM ET"
1774123747,2026-03-21 20:09:07,BUY,Down,0.37,7.49,2.7713,"Bitcoin Up or Down - March 21, 4:05PM-4:10PM ET"
1774123747,2026-03-21 20:09:07,BUY,Down,0.38,10.0,3.8,"Bitcoin Up or Down - March 21, 4:05PM-4:10PM ET"
1774123747,2026-03-21 20:09:07,BUY,Down,0.39,10.0,3.9000000000000004,"Bitcoin Up or Down - March 21, 4:05PM-4:10PM ET"
1774123747,2026-03-21 20:09:07,BUY,Down,0.36,10.0,3.5999999999999996,"Bitcoin Up or Down - March 21, 4:05PM-4:10PM ET"
1774123747,2026-03-21 20:09:07,BUY,Down,0.37,2.51,0.9286999999999999,"Bitcoin Up or Down - March 21, 4:05PM-4:10PM ET"
1774123747,2026-03-21 20:09:07,BUY,Down,0.4,1.33,0.532,"Bitcoin Up or Down - March 21, 4:05PM-4:10PM ET"
1774123747,2026-03-21 20:09:07,BUY,Down,0.4,5.44,2.176,"Bitcoin Up or Down - March 21, 4:05PM-4:10PM ET"
1774123747,2026-03-21 20:09:07,BUY,Down,0.4,3.23,1.292,"Bitcoin Up or Down - March 21, 4:05PM-4:10PM ET"
1774123749,2026-03-21 20:09:09,BUY,Down,0.37,5.7,2.109,"Bitcoin Up or Down - March 21, 4:05PM-4:10PM ET"
1774123749,2026-03-21 20:09:09,BUY,Up,0.62,10.0,6.2,"Bitcoin Up or Down - March 21, 4:05PM-4:10PM ET"
1774123749,2026-03-21 20:09:09,BUY,Up,0.6200002674883016,1.196314,0.7417150000000001,"Bitcoin Up or Down - March 21, 4:05PM-4:10PM ET"
1774123749,2026-03-21 20:09:09,BUY,Down,0.34,10.0,3.4000000000000004,"Bitcoin Up or Down - March 21, 4:05PM-4:10PM ET"
1774123749,2026-03-21 20:09:09,BUY,Down,0.35,0.76,0.26599999999999996,"Bitcoin Up or Down - March 21, 4:05PM-4:10PM ET"
1774123749,2026-03-21 20:09:09,BUY,Down,0.36,4.64,1.6703999999999999,"Bitcoin Up or Down - March 21, 4:05PM-4:10PM ET"
1774123749,2026-03-21 20:09:09,BUY,Down,0.37,1.5873,0.587301,"Bitcoin Up or Down - March 21, 4:05PM-4:10PM ET"
1774123749,2026-03-21 20:09:09,BUY,Down,0.36,5.36,1.9296,"Bitcoin Up or Down - March 21, 4:05PM-4:10PM ET"
1774123749,2026-03-21 20:09:09,BUY,Up,0.6,3.0,1.7999999999999998,"Bitcoin Up or Down - March 21, 4:05PM-4:10PM ET"
1774123749,2026-03-21 20:09:09,BUY,Up,0.6100001312137932,3.04846,1.8595609999999998,"Bitcoin Up or Down - March 21, 4:05PM-4:10PM ET"
1774123749,2026-03-21 20:09:09,BUY,Down,0.36,5.203125,1.873125,"Bitcoin Up or Down - March 21, 4:05PM-4:10PM ET"
1774123749,2026-03-21 20:09:09,BUY,Up,0.62,8.8,5.456,"Bitcoin Up or Down - March 21, 4:05PM-4:10PM ET"
1774123751,2026-03-21 20:09:11,BUY,Down,0.3900000244000039,8.19672,3.1967209999999997,"Bitcoin Up or Down - March 21, 4:05PM-4:10PM ET"
1774123751,2026-03-21 20:09:11,BUY,Up,0.59,10.0,5.8999999999999995,"Bitcoin Up or Down - March 21, 4:05PM-4:10PM ET"
1774123751,2026-03-21 20:09:11,BUY,Up,0.6,7.0,4.2,"Bitcoin Up or Down - March 21, 4:05PM-4:10PM ET"
1774123751,2026-03-21 20:09:11,BUY,Down,0.38,10.0,3.8,"Bitcoin Up or Down - March 21, 4:05PM-4:10PM ET"
1774123751,2026-03-21 20:09:11,BUY,Down,0.39,10.0,3.9000000000000004,"Bitcoin Up or Down - March 21, 4:05PM-4:10PM ET"
1774123751,2026-03-21 20:09:11,BUY,Up,0.6,4.675,2.8049999999999997,"Bitcoin Up or Down - March 21, 4:05PM-4:10PM ET"
1774123751,2026-03-21 20:09:11,BUY,Down,0.39,1.8,0.7020000000000001,"Bitcoin Up or Down - March 21, 4:05PM-4:10PM ET"
1774123753,2026-03-21 20:09:13,BUY,Up,0.6,5.32,3.192,"Bitcoin Up or Down - March 21, 4:05PM-4:10PM ET"
1774123753,2026-03-21 20:09:13,BUY,Up,0.61,10.0,6.1,"Bitcoin Up or Down - March 21, 4:05PM-4:10PM ET"
1774123753,2026-03-21 20:09:13,BUY,Up,0.6100000831753771,5.410255,3.300256,"Bitcoin Up or Down - March 21, 4:05PM-4:10PM ET"
1774123753,2026-03-21 20:09:13,BUY,Up,0.6100001028182482,2.820511,1.7205120000000003,"Bitcoin Up or Down - March 21, 4:05PM-4:10PM ET"
1774123753,2026-03-21 20:09:13,BUY,Up,0.6,5.0,3.0,"Bitcoin Up or Down - March 21, 4:05PM-4:10PM ET"
1774123753,2026-03-21 20:09:13,BUY,Down,0.37,10.0,3.7,"Bitcoin Up or Down - March 21, 4:05PM-4:10PM ET"
1774123753,2026-03-21 20:09:13,BUY,Down,0.38,10.0,3.8,"Bitcoin Up or Down - March 21, 4:05PM-4:10PM ET"
1774123753,2026-03-21 20:09:13,BUY,Down,0.3900000072366353,8.291146,3.2335469999999997,"Bitcoin Up or Down - March 21, 4:05PM-4:10PM ET"
1774123753,2026-03-21 20:09:13,BUY,Up,0.6,10.0,6.0,"Bitcoin Up or Down - March 21, 4:05PM-4:10PM ET"
1774123753,2026-03-21 20:09:13,BUY,Up,0.61,1.75,1.0675,"Bitcoin Up or Down - March 21, 4:05PM-4:10PM ET"
1774123753,2026-03-21 20:09:13,BUY,Up,0.6,2.5,1.5,"Bitcoin Up or Down - March 21, 4:05PM-4:10PM ET"
1774123755,2026-03-21 20:09:15,BUY,Up,0.6,10.0,6.0,"Bitcoin Up or Down - March 21, 4:05PM-4:10PM ET"
1774123755,2026-03-21 20:09:15,BUY,Up,0.61,10.0,6.1,"Bitcoin Up or Down - March 21, 4:05PM-4:10PM ET"
1774123755,2026-03-21 20:09:15,BUY,Up,0.6,2.5,1.5,"Bitcoin Up or Down - March 21, 4:05PM-4:10PM ET"
1774123755,2026-03-21 20:09:15,BUY,Up,0.6,2.5,1.5,"Bitcoin Up or Down - March 21, 4:05PM-4:10PM ET"
1774123755,2026-03-21 20:09:15,BUY,Down,0.38,10.0,3.8,"Bitcoin Up or Down - March 21, 4:05PM-4:10PM ET"
1774123755,2026-03-21 20:09:15,BUY,Down,0.39,10.0,3.9000000000000004,"Bitcoin Up or Down - March 21, 4:05PM-4:10PM ET"
1774123755,2026-03-21 20:09:15,BUY,Up,0.6,2.5,1.5,"Bitcoin Up or Down - March 21, 4:05PM-4:10PM ET"
1774123755,2026-03-21 20:09:15,BUY,Up,0.6,2.5,1.5,"Bitcoin Up or Down - March 21, 4:05PM-4:10PM ET"
1774123755,2026-03-21 20:09:15,BUY,Up,0.6,5.0,3.0,"Bitcoin Up or Down - March 21, 4:05PM-4:10PM ET"
1774123757,2026-03-21 20:09:17,BUY,Up,0.6,10.0,6.0,"Bitcoin Up or Down - March 21, 4:05PM-4:10PM ET"
1774123757,2026-03-21 20:09:17,BUY,Down,0.39,7.0,2.73,"Bitcoin Up or Down - March 21, 4:05PM-4:10PM ET"
1774123757,2026-03-21 20:09:17,BUY,Down,0.38000005975906637,2.677418,1.0174189999999999,"Bitcoin Up or Down - March 21, 4:05PM-4:10PM ET"
1774123757,2026-03-21 20:09:17,BUY,Up,0.59,10.0,5.8999999999999995,"Bitcoin Up or Down - March 21, 4:05PM-4:10PM ET"
1774123757,2026-03-21 20:09:17,BUY,Down,0.39,10.0,3.9000000000000004,"Bitcoin Up or Down - March 21, 4:05PM-4:10PM ET"
1774123757,2026-03-21 20:09:17,BUY,Up,0.59,10.0,5.8999999999999995,"Bitcoin Up or Down - March 21, 4:05PM-4:10PM ET"
1774123757,2026-03-21 20:09:17,BUY,Down,0.39,0.65,0.2535,"Bitcoin Up or Down - March 21, 4:05PM-4:10PM ET"
1774123757,2026-03-21 20:09:17,BUY,Down,0.38000006888926396,0.290321,0.110322,"Bitcoin Up or Down - March 21, 4:05PM-4:10PM ET"
1774123757,2026-03-21 20:09:17,BUY,Down,0.3900000224736873,9.344261,3.644262,"Bitcoin Up or Down - March 21, 4:05PM-4:10PM ET"
1774123757,2026-03-21 20:09:17,BUY,Up,0.6,10.0,6.0,"Bitcoin Up or Down - March 21, 4:05PM-4:10PM ET"
1774123757,2026-03-21 20:09:17,BUY,Down,0.39,3.0,1.17,"Bitcoin Up or Down - March 21, 4:05PM-4:10PM ET"
1774123759,2026-03-21 20:09:19,BUY,Down,0.35,10.0,3.5,"Bitcoin Up or Down - March 21, 4:05PM-4:10PM ET"
1774123759,2026-03-21 20:09:19,BUY,Down,0.4,4.0,1.6,"Bitcoin Up or Down - March 21, 4:05PM-4:10PM ET"
1774123759,2026-03-21 20:09:19,BUY,Down,0.39,4.25,1.6575,"Bitcoin Up or Down - March 21, 4:05PM-4:10PM ET"
1774123759,2026-03-21 20:09:19,BUY,Down,0.4,0.75,0.30000000000000004,"Bitcoin Up or Down - March 21, 4:05PM-4:10PM ET"
1774123759,2026-03-21 20:09:19,BUY,Up,0.580000218641704,1.920951,1.114152,"Bitcoin Up or Down - March 21, 4:05PM-4:10PM ET"
1774123759,2026-03-21 20:09:19,BUY,Down,0.4,4.0,1.6,"Bitcoin Up or Down - March 21, 4:05PM-4:10PM ET"
1774123759,2026-03-21 20:09:19,BUY,Down,0.4,5.25,2.1,"Bitcoin Up or Down - March 21, 4:05PM-4:10PM ET"
1774123759,2026-03-21 20:09:19,,,0.0,315.815864,0.0,"Bitcoin Up or Down - March 21, 4:05PM-4:10PM ET"
1774123759,2026-03-21 20:09:19,BUY,Up,0.58,10.0,5.8,"Bitcoin Up or Down - March 21, 4:05PM-4:10PM ET"
1774123759,2026-03-21 20:09:19,BUY,Up,0.45,10.0,4.5,"Bitcoin Up or Down - March 21, 4:05PM-4:10PM ET"
1774123759,2026-03-21 20:09:19,BUY,Up,0.46,10.0,4.6000000000000005,"Bitcoin Up or Down - March 21, 4:05PM-4:10PM ET"
1774123759,2026-03-21 20:09:19,BUY,Up,0.47,7.54,3.5437999999999996,"Bitcoin Up or Down - March 21, 4:05PM-4:10PM ET"
1774123759,2026-03-21 20:09:19,BUY,Up,0.48,10.0,4.8,"Bitcoin Up or Down - March 21, 4:05PM-4:10PM ET"
1774123759,2026-03-21 20:09:19,BUY,Up,0.49,10.0,4.9,"Bitcoin Up or Down - March 21, 4:05PM-4:10PM ET"
1774123759,2026-03-21 20:09:19,BUY,Up,0.5,4.95,2.475,"Bitcoin Up or Down - March 21, 4:05PM-4:10PM ET"
1774123759,2026-03-21 20:09:19,BUY,Up,0.59,10.0,5.8999999999999995,"Bitcoin Up or Down - March 21, 4:05PM-4:10PM ET"
1774123759,2026-03-21 20:09:19,BUY,Up,0.51,10.0,5.1,"Bitcoin Up or Down - March 21, 4:05PM-4:10PM ET"
1774123759,2026-03-21 20:09:19,BUY,Up,0.52,9.58,4.9816,"Bitcoin Up or Down - March 21, 4:05PM-4:10PM ET"
1774123759,2026-03-21 20:09:19,BUY,Up,0.53,10.0,5.300000000000001,"Bitcoin Up or Down - March 21, 4:05PM-4:10PM ET"
1774123759,2026-03-21 20:09:19,BUY,Up,0.54,10.0,5.4,"Bitcoin Up or Down - March 21, 4:05PM-4:10PM ET"
1774123759,2026-03-21 20:09:19,BUY,Up,0.55,10.0,5.5,"Bitcoin Up or Down - March 21, 4:05PM-4:10PM ET"
1774123759,2026-03-21 20:09:19,BUY,Up,0.56,10.0,5.6000000000000005,"Bitcoin Up or Down - March 21, 4:05PM-4:10PM ET"
1774123759,2026-03-21 20:09:19,BUY,Up,0.57,10.0,5.699999999999999,"Bitcoin Up or Down - March 21, 4:05PM-4:10PM ET"
1774123759,2026-03-21 20:09:19,BUY,Up,0.58,8.07,4.6806,"Bitcoin Up or Down - March 21, 4:05PM-4:10PM ET"
1774123759,2026-03-21 20:09:19,BUY,Up,0.59,10.0,5.8999999999999995,"Bitcoin Up or Down - March 21, 4:05PM-4:10PM ET"
1774123759,2026-03-21 20:09:19,BUY,Up,0.6,10.0,6.0,"Bitcoin Up or Down - March 21, 4:05PM-4:10PM ET"
1774123759,2026-03-21 20:09:19,BUY,Up,0.61,4.74,2.8914,"Bitcoin Up or Down - March 21, 4:05PM-4:10PM ET"
1774123759,2026-03-21 20:09:19,BUY,Down,0.40000002400000384,8.333332,3.333333,"Bitcoin Up or Down - March 21, 4:05PM-4:10PM ET"
1774123759,2026-03-21 20:09:19,BUY,Down,0.3300000375200129,7.462684,2.462686,"Bitcoin Up or Down - March 21, 4:05PM-4:10PM ET"
1774123759,2026-03-21 20:09:19,BUY,Up,0.6100043680384387,0.128204,0.07820500000000001,"Bitcoin Up or Down - March 21, 4:05PM-4:10PM ET"
1774123759,2026-03-21 20:09:19,BUY,Up,0.610000109200024,5.128204,3.128205,"Bitcoin Up or Down - March 21, 4:05PM-4:10PM ET"
1774123759,2026-03-21 20:09:19,BUY,Down,0.36,4.79,1.7244,"Bitcoin Up or Down - March 21, 4:05PM-4:10PM ET"
1774123759,2026-03-21 20:09:19,BUY,Down,0.37,10.0,3.7,"Bitcoin Up or Down - March 21, 4:05PM-4:10PM ET"
1774123759,2026-03-21 20:09:19,BUY,Down,0.38,7.02,2.6675999999999997,"Bitcoin Up or Down - March 21, 4:05PM-4:10PM ET"
1774123759,2026-03-21 20:09:19,BUY,Down,0.39,5.75,2.2425,"Bitcoin Up or Down - March 21, 4:05PM-4:10PM ET"
