timestamp,side,outcome,price,size,usdc,market
2026-03-19 22:32:49.000,BUY,Up,0.29,8.90462,0,"Bitcoin Up or Down - March 19, 6:30PM-6:35PM ET"
2026-03-19 22:32:47.000,SELL,Up,0.23,9,0,"Bitcoin Up or Down - March 19, 6:30PM-6:35PM ET"
2026-03-19 22:32:47.000,SELL,Up,0.24,9,0,"Bitcoin Up or Down - March 19, 6:30PM-6:35PM ET"
2026-03-19 22:32:43.000,SELL,Up,0.31,9,0,"Bitcoin Up or Down - March 19, 6:30PM-6:35PM ET"
2026-03-19 22:32:41.000,SELL,Up,0.3,10,0,"Bitcoin Up or Down - March 19, 6:30PM-6:35PM ET"
2026-03-19 22:32:41.000,SELL,Up,0.32,9,0,"Bitcoin Up or Down - March 19, 6:30PM-6:35PM ET"
2026-03-19 22:32:39.000,BUY,Up,0.27,9.90288,0,"Bitcoin Up or Down - March 19, 6:30PM-6:35PM ET"
2026-03-19 22:32:39.000,BUY,Up,0.4,20.6976,0,"Bitcoin Up or Down - March 19, 6:30PM-6:35PM ET"
2026-03-19 22:32:39.000,BUY,Up,0.39,8.87266,0,"Bitcoin Up or Down - March 19, 6:30PM-6:35PM ET"
2026-03-19 22:32:39.000,BUY,Up,0.36602222222222225,8.87885,0,"Bitcoin Up or Down - March 19, 6:30PM-6:35PM ET"
2026-03-19 22:32:39.000,BUY,Up,0.36,10.85402,0,"Bitcoin Up or Down - March 19, 6:30PM-6:35PM ET"
2026-03-19 22:32:33.000,SELL,Up,0.31,20,0,"Bitcoin Up or Down - March 19, 6:30PM-6:35PM ET"
2026-03-19 22:32:33.000,SELL,Up,0.38,9,0,"Bitcoin Up or Down - March 19, 6:30PM-6:35PM ET"
2026-03-19 22:32:33.000,SELL,Up,0.23,10,0,"Bitcoin Up or Down - March 19, 6:30PM-6:35PM ET"
2026-03-19 22:32:31.000,SELL,Up,0.32,9,0,"Bitcoin Up or Down - March 19, 6:30PM-6:35PM ET"
2026-03-19 22:32:31.000,SELL,Up,0.32,9,0,"Bitcoin Up or Down - March 19, 6:30PM-6:35PM ET"
2026-03-19 22:32:31.000,SELL,Up,0.36,9,0,"Bitcoin Up or Down - March 19, 6:30PM-6:35PM ET"
2026-03-19 22:32:31.000,SELL,Up,0.38,9,0,"Bitcoin Up or Down - March 19, 6:30PM-6:35PM ET"
2026-03-19 22:32:29.000,BUY,Up,0.43,8.86484,0,"Bitcoin Up or Down - March 19, 6:30PM-6:35PM ET"
2026-03-19 22:32:29.000,BUY,Up,0.4,8.8704,0,"Bitcoin Up or Down - March 19, 6:30PM-6:35PM ET"
2026-03-19 22:32:29.000,BUY,Up,0.4,9.856,0,"Bitcoin Up or Down - March 19, 6:30PM-6:35PM ET"
2026-03-19 22:32:27.000,BUY,Up,0.34444444444444444,8.88528,0,"Bitcoin Up or Down - March 19, 6:30PM-6:35PM ET"
2026-03-19 22:32:27.000,SELL,Up,0.27,11,0,"Bitcoin Up or Down - March 19, 6:30PM-6:35PM ET"
2026-03-19 22:32:27.000,BUY,Up,0.36305,9.86632,0,"Bitcoin Up or Down - March 19, 6:30PM-6:35PM ET"
2026-03-19 22:32:25.000,,,0,102.99832,0,"Bitcoin Up or Down - March 19, 6:20PM-6:25PM ET"
2026-03-19 22:32:25.000,SELL,Up,0.28,9,0,"Bitcoin Up or Down - March 19, 6:30PM-6:35PM ET"
2026-03-19 22:32:21.000,BUY,Up,0.35219,9.86987,0,"Bitcoin Up or Down - March 19, 6:30PM-6:35PM ET"
2026-03-19 22:32:19.000,BUY,Up,0.35,8.88355,0,"Bitcoin Up or Down - March 19, 6:30PM-6:35PM ET"
2026-03-19 22:32:19.000,BUY,Up,0.33119,9.87735,0,"Bitcoin Up or Down - March 19, 6:30PM-6:35PM ET"
2026-03-19 22:32:15.000,BUY,Up,0.26,8.91672,0,"Bitcoin Up or Down - March 19, 6:30PM-6:35PM ET"
2026-03-19 22:32:15.000,BUY,Up,0.23533333333333334,8.92714,0,"Bitcoin Up or Down - March 19, 6:30PM-6:35PM ET"
2026-03-19 22:32:15.000,BUY,Up,0.24,8.92515,0,"Bitcoin Up or Down - March 19, 6:30PM-6:35PM ET"
2026-03-19 22:32:15.000,BUY,Up,0.3,9.88975,0,"Bitcoin Up or Down - March 19, 6:30PM-6:35PM ET"
2026-03-19 22:32:15.000,BUY,Up,0.28,11.87808,0,"Bitcoin Up or Down - March 19, 6:30PM-6:35PM ET"
2026-03-19 22:32:15.000,BUY,Up,0.27,8.9126,0,"Bitcoin Up or Down - March 19, 6:30PM-6:35PM ET"
2026-03-19 22:32:11.000,BUY,Up,0.19,8.94671,0,"Bitcoin Up or Down - March 19, 6:30PM-6:35PM ET"
2026-03-19 22:32:11.000,BUY,Up,0.2,8.9424,0,"Bitcoin Up or Down - March 19, 6:30PM-6:35PM ET"
2026-03-19 22:32:09.000,BUY,Up,0.18,8.950990000000001,0,"Bitcoin Up or Down - March 19, 6:30PM-6:35PM ET"
2026-03-19 22:32:09.000,BUY,Up,0.17,11.94028,0,"Bitcoin Up or Down - March 19, 6:30PM-6:35PM ET"
2026-03-19 22:32:07.000,BUY,Up,0.17,8.95521,0,"Bitcoin Up or Down - March 19, 6:30PM-6:35PM ET"
2026-03-19 22:32:07.000,SELL,Up,0.11,10,0,"Bitcoin Up or Down - March 19, 6:30PM-6:35PM ET"
2026-03-19 22:32:05.000,SELL,Up,0.12,9,0,"Bitcoin Up or Down - March 19, 6:30PM-6:35PM ET"
2026-03-19 22:32:05.000,SELL,Up,0.12,9,0,"Bitcoin Up or Down - March 19, 6:30PM-6:35PM ET"
2026-03-19 22:32:05.000,SELL,Up,0.11,9,0,"Bitcoin Up or Down - March 19, 6:30PM-6:35PM ET"
2026-03-19 22:32:05.000,SELL,Up,0.11,9,0,"Bitcoin Up or Down - March 19, 6:30PM-6:35PM ET"
2026-03-19 22:31:57.000,BUY,Up,0.2,8.9424,0,"Bitcoin Up or Down - March 19, 6:30PM-6:35PM ET"
2026-03-19 22:31:57.000,BUY,Up,0.2,8.9424,0,"Bitcoin Up or Down - March 19, 6:30PM-6:35PM ET"
2026-03-19 22:31:55.000,BUY,Up,0.18,8.950990000000001,0,"Bitcoin Up or Down - March 19, 6:30PM-6:35PM ET"
2026-03-19 22:31:21.000,BUY,Up,0.19,8.94671,0,"Bitcoin Up or Down - March 19, 6:30PM-6:35PM ET"
2026-03-19 22:31:19.000,BUY,Up,0.18,9.94554,0,"Bitcoin Up or Down - March 19, 6:30PM-6:35PM ET"
2026-03-19 22:31:17.000,BUY,Up,0.13,8.97122,0,"Bitcoin Up or Down - March 19, 6:30PM-6:35PM ET"
2026-03-19 22:31:17.000,BUY,Up,0.13,10.96483,0,"Bitcoin Up or Down - March 19, 6:30PM-6:35PM ET"
2026-03-19 22:31:17.000,BUY,Up,0.13,8.97122,0,"Bitcoin Up or Down - March 19, 6:30PM-6:35PM ET"
2026-03-19 22:31:15.000,BUY,Up,0.17,9.95023,0,"Bitcoin Up or Down - March 19, 6:30PM-6:35PM ET"
2026-03-19 22:31:15.000,BUY,Up,0.17,8.95521,0,"Bitcoin Up or Down - March 19, 6:30PM-6:35PM ET"
2026-03-19 22:31:15.000,BUY,Up,0.17,10.94525,0,"Bitcoin Up or Down - March 19, 6:30PM-6:35PM ET"
2026-03-19 22:31:15.000,BUY,Up,0.16,8.95936,0,"Bitcoin Up or Down - March 19, 6:30PM-6:35PM ET"
2026-03-19 22:31:15.000,BUY,Up,0.16,9.95485,0,"Bitcoin Up or Down - March 19, 6:30PM-6:35PM ET"
2026-03-19 22:31:13.000,BUY,Up,0.13,8.97122,0,"Bitcoin Up or Down - March 19, 6:30PM-6:35PM ET"
2026-03-19 22:31:13.000,SELL,Up,0.1,9,0,"Bitcoin Up or Down - March 19, 6:30PM-6:35PM ET"
2026-03-19 22:31:13.000,BUY,Up,0.12,8.97491,0,"Bitcoin Up or Down - March 19, 6:30PM-6:35PM ET"
2026-03-19 22:31:13.000,SELL,Up,0.1,12,0,"Bitcoin Up or Down - March 19, 6:30PM-6:35PM ET"
2026-03-19 22:31:11.000,SELL,Up,0.11,9,0,"Bitcoin Up or Down - March 19, 6:30PM-6:35PM ET"
2026-03-19 22:31:11.000,BUY,Up,0.14,8.96739,0,"Bitcoin Up or Down - March 19, 6:30PM-6:35PM ET"
2026-03-19 22:31:11.000,SELL,Up,0.11,9,0,"Bitcoin Up or Down - March 19, 6:30PM-6:35PM ET"
2026-03-19 22:31:11.000,SELL,Up,0.11,16,0,"Bitcoin Up or Down - March 19, 6:30PM-6:35PM ET"
2026-03-19 22:31:11.000,SELL,Up,0.11,13,0,"Bitcoin Up or Down - March 19, 6:30PM-6:35PM ET"
2026-03-19 22:31:11.000,SELL,Up,0.13,9,0,"Bitcoin Up or Down - March 19, 6:30PM-6:35PM ET"
2026-03-19 22:31:11.000,BUY,Up,0.14,8.96739,0,"Bitcoin Up or Down - March 19, 6:30PM-6:35PM ET"
2026-03-19 22:31:09.000,SELL,Up,0.12,9,0,"Bitcoin Up or Down - March 19, 6:30PM-6:35PM ET"
2026-03-19 22:31:09.000,SELL,Up,0.12044545454545455,11,0,"Bitcoin Up or Down - March 19, 6:30PM-6:35PM ET"
2026-03-19 22:31:09.000,SELL,Up,0.15,9,0,"Bitcoin Up or Down - March 19, 6:30PM-6:35PM ET"
2026-03-19 22:31:07.000,SELL,Up,0.17,15,0,"Bitcoin Up or Down - March 19, 6:30PM-6:35PM ET"
2026-03-19 22:31:07.000,SELL,Up,0.17,12,0,"Bitcoin Up or Down - March 19, 6:30PM-6:35PM ET"
2026-03-19 22:31:07.000,SELL,Up,0.17,11,0,"Bitcoin Up or Down - March 19, 6:30PM-6:35PM ET"
2026-03-19 22:31:05.000,SELL,Up,0.19,10,0,"Bitcoin Up or Down - March 19, 6:30PM-6:35PM ET"
2026-03-19 22:31:05.000,SELL,Up,0.2,9,0,"Bitcoin Up or Down - March 19, 6:30PM-6:35PM ET"
2026-03-19 22:30:57.000,,,0.5,700,0,"Bitcoin Up or Down - March 19, 6:40PM-6:45PM ET"
2026-03-19 22:30:55.000,SELL,Up,0.21,11,0,"Bitcoin Up or Down - March 19, 6:30PM-6:35PM ET"
2026-03-19 22:30:53.000,SELL,Up,0.23,9,0,"Bitcoin Up or Down - March 19, 6:30PM-6:35PM ET"
2026-03-19 22:30:53.000,SELL,Up,0.24,10,0,"Bitcoin Up or Down - March 19, 6:30PM-6:35PM ET"
2026-03-19 22:30:51.000,SELL,Up,0.25,12,0,"Bitcoin Up or Down - March 19, 6:30PM-6:35PM ET"
2026-03-19 22:30:49.000,SELL,Up,0.26,9,0,"Bitcoin Up or Down - March 19, 6:30PM-6:35PM ET"
2026-03-19 22:30:47.000,SELL,Up,0.27,9,0,"Bitcoin Up or Down - March 19, 6:30PM-6:35PM ET"
2026-03-19 22:30:47.000,SELL,Up,0.27,9,0,"Bitcoin Up or Down - March 19, 6:30PM-6:35PM ET"
2026-03-19 22:30:47.000,SELL,Up,0.27,9,0,"Bitcoin Up or Down - March 19, 6:30PM-6:35PM ET"
2026-03-19 22:30:47.000,SELL,Up,0.32315555555555553,9,0,"Bitcoin Up or Down - March 19, 6:30PM-6:35PM ET"
2026-03-19 22:30:27.000,SELL,Up,0.36,9,0,"Bitcoin Up or Down - March 19, 6:30PM-6:35PM ET"
2026-03-19 22:30:25.000,SELL,Up,0.37,9,0,"Bitcoin Up or Down - March 19, 6:30PM-6:35PM ET"
2026-03-19 22:30:25.000,SELL,Up,0.37,25,0,"Bitcoin Up or Down - March 19, 6:30PM-6:35PM ET"
2026-03-19 22:30:25.000,SELL,Up,0.4,9,0,"Bitcoin Up or Down - March 19, 6:30PM-6:35PM ET"
2026-03-19 22:30:25.000,SELL,Up,0.4,9,0,"Bitcoin Up or Down - March 19, 6:30PM-6:35PM ET"
2026-03-19 22:30:17.000,,,0,108.85701,0,"Bitcoin Up or Down - March 19, 6:10PM-6:15PM ET"
2026-03-19 22:30:13.000,SELL,Up,0.45,9,0,"Bitcoin Up or Down - March 19, 6:30PM-6:35PM ET"
2026-03-19 22:30:11.000,BUY,Up,0.47,9.84488,0,"Bitcoin Up or Down - March 19, 6:30PM-6:35PM ET"
2026-03-19 22:30:09.000,SELL,Up,0.4201888888888889,9,0,"Bitcoin Up or Down - March 19, 6:30PM-6:35PM ET"
2026-03-19 22:30:09.000,BUY,Up,0.45,10.83155,0,"Bitcoin Up or Down - March 19, 6:30PM-6:35PM ET"
2026-03-19 22:30:09.000,BUY,Up,0.44,15.75715,0,"Bitcoin Up or Down - March 19, 6:30PM-6:35PM ET"
2026-03-19 22:30:09.000,BUY,Up,0.46,8.86117,0,"Bitcoin Up or Down - March 19, 6:30PM-6:35PM ET"
2026-03-19 22:30:01.000,SELL,Up,0.02,9,0,"Bitcoin Up or Down - March 19, 6:25PM-6:30PM ET"
2026-03-19 22:29:59.000,SELL,Up,0.03126,10,0,"Bitcoin Up or Down - March 19, 6:25PM-6:30PM ET"
2026-03-19 22:29:59.000,SELL,Up,0.02,12,0,"Bitcoin Up or Down - March 19, 6:25PM-6:30PM ET"
2026-03-19 22:29:59.000,SELL,Up,0.03,9,0,"Bitcoin Up or Down - March 19, 6:25PM-6:30PM ET"
2026-03-19 22:29:59.000,SELL,Up,0.08442727272727273,11,0,"Bitcoin Up or Down - March 19, 6:25PM-6:30PM ET"
2026-03-19 22:29:57.000,SELL,Up,0.1,10,0,"Bitcoin Up or Down - March 19, 6:25PM-6:30PM ET"
2026-03-19 22:29:57.000,BUY,Down,0.69,8.89706,0,"Bitcoin Up or Down - March 19, 6:25PM-6:30PM ET"
2026-03-19 22:29:57.000,SELL,Up,0.31,11,0,"Bitcoin Up or Down - March 19, 6:25PM-6:30PM ET"
2026-03-19 22:29:53.000,SELL,Down,0.42,9,0,"Bitcoin Up or Down - March 19, 6:25PM-6:30PM ET"
2026-03-19 22:28:33.000,SELL,Down,0.49,11,0,"Bitcoin Up or Down - March 19, 6:25PM-6:30PM ET"
2026-03-19 22:28:31.000,BUY,Up,0.49,8.85949,0,"Bitcoin Up or Down - March 19, 6:25PM-6:30PM ET"
2026-03-19 22:28:25.000,BUY,Up,0.46,10.83032,0,"Bitcoin Up or Down - March 19, 6:25PM-6:30PM ET"
2026-03-19 22:28:23.000,BUY,Up,0.38,8.87511,0,"Bitcoin Up or Down - March 19, 6:25PM-6:30PM ET"
2026-03-19 22:28:23.000,BUY,Up,0.41,8.86834,0,"Bitcoin Up or Down - March 19, 6:25PM-6:30PM ET"
2026-03-19 22:28:23.000,BUY,Up,0.42,8.86649,0,"Bitcoin Up or Down - March 19, 6:25PM-6:30PM ET"
2026-03-19 22:28:19.000,SELL,Up,0.26,9,0,"Bitcoin Up or Down - March 19, 6:25PM-6:30PM ET"
2026-03-19 22:28:19.000,SELL,Up,0.25,9,0,"Bitcoin Up or Down - March 19, 6:25PM-6:30PM ET"
2026-03-19 22:27:43.000,SELL,Up,0.4,20,0,"Bitcoin Up or Down - March 19, 6:25PM-6:30PM ET"
2026-03-19 22:27:41.000,SELL,Up,0.39,9,0,"Bitcoin Up or Down - March 19, 6:25PM-6:30PM ET"
2026-03-19 22:27:11.000,SELL,Up,0.44,9,0,"Bitcoin Up or Down - March 19, 6:25PM-6:30PM ET"
2026-03-19 22:27:11.000,BUY,Down,0.54,8.86117,0,"Bitcoin Up or Down - March 19, 6:25PM-6:30PM ET"
2026-03-19 22:27:09.000,BUY,Down,0.51,8.85949,0,"Bitcoin Up or Down - March 19, 6:25PM-6:30PM ET"
2026-03-19 22:27:09.000,BUY,Down,0.51,8.85949,0,"Bitcoin Up or Down - March 19, 6:25PM-6:30PM ET"
2026-03-19 22:27:09.000,BUY,Down,0.5,8.85938,0,"Bitcoin Up or Down - March 19, 6:25PM-6:30PM ET"
2026-03-19 22:27:09.000,BUY,Down,0.49,11.81265,0,"Bitcoin Up or Down - March 19, 6:25PM-6:30PM ET"
2026-03-19 22:27:09.000,BUY,Down,0.46291818181818184,10.83002,0,"Bitcoin Up or Down - March 19, 6:25PM-6:30PM ET"
2026-03-19 22:26:29.000,,,0,562.00168,0,"Bitcoin Up or Down - March 19, 6:20PM-6:25PM ET"
2026-03-19 22:26:27.000,BUY,Down,0.42,8.86649,0,"Bitcoin Up or Down - March 19, 6:25PM-6:30PM ET"
2026-03-19 22:26:21.000,SELL,Down,0.3,10,0,"Bitcoin Up or Down - March 19, 6:25PM-6:30PM ET"
2026-03-19 22:26:21.000,BUY,Down,0.39,8.87266,0,"Bitcoin Up or Down - March 19, 6:25PM-6:30PM ET"
2026-03-19 22:26:21.000,BUY,Down,0.37,10.85058,0,"Bitcoin Up or Down - March 19, 6:25PM-6:30PM ET"
2026-03-19 22:26:19.000,SELL,Down,0.27,9,0,"Bitcoin Up or Down - March 19, 6:25PM-6:30PM ET"
2026-03-19 22:26:17.000,SELL,Down,0.33945454545454545,11,0,"Bitcoin Up or Down - March 19, 6:25PM-6:30PM ET"
2026-03-19 22:26:13.000,SELL,Down,0.35,9,0,"Bitcoin Up or Down - March 19, 6:25PM-6:30PM ET"
2026-03-19 22:25:59.000,SELL,Down,0.37,9,0,"Bitcoin Up or Down - March 19, 6:25PM-6:30PM ET"
2026-03-19 22:25:53.000,BUY,Down,0.45,8.86218,0,"Bitcoin Up or Down - March 19, 6:25PM-6:30PM ET"
2026-03-19 22:25:53.000,SELL,Down,0.39,9,0,"Bitcoin Up or Down - March 19, 6:25PM-6:30PM ET"
2026-03-19 22:25:53.000,BUY,Down,0.45,8.86218,0,"Bitcoin Up or Down - March 19, 6:25PM-6:30PM ET"
2026-03-19 22:25:51.000,BUY,Down,0.42454545454545456,10.83587,0,"Bitcoin Up or Down - March 19, 6:25PM-6:30PM ET"
2026-03-19 22:25:51.000,BUY,Down,0.4,10.8416,0,"Bitcoin Up or Down - March 19, 6:25PM-6:30PM ET"
2026-03-19 22:25:51.000,BUY,Down,0.39,10.84436,0,"Bitcoin Up or Down - March 19, 6:25PM-6:30PM ET"
2026-03-19 22:25:45.000,SELL,Down,0.32,9,0,"Bitcoin Up or Down - March 19, 6:25PM-6:30PM ET"
2026-03-19 22:25:45.000,SELL,Down,0.33,16,0,"Bitcoin Up or Down - March 19, 6:25PM-6:30PM ET"
2026-03-19 22:25:37.000,,,0.5,700,0,"Bitcoin Up or Down - March 19, 6:35PM-6:40PM ET"
2026-03-19 22:25:29.000,SELL,Down,0.36,10,0,"Bitcoin Up or Down - March 19, 6:25PM-6:30PM ET"
2026-03-19 22:25:25.000,SELL,Down,0.38,9,0,"Bitcoin Up or Down - March 19, 6:25PM-6:30PM ET"
2026-03-19 22:25:25.000,SELL,Down,0.38,9,0,"Bitcoin Up or Down - March 19, 6:25PM-6:30PM ET"
2026-03-19 22:25:09.000,SELL,Down,0.4,11,0,"Bitcoin Up or Down - March 19, 6:25PM-6:30PM ET"
2026-03-19 22:25:09.000,SELL,Down,0.41,9,0,"Bitcoin Up or Down - March 19, 6:25PM-6:30PM ET"
2026-03-19 22:25:09.000,SELL,Down,0.41,9,0,"Bitcoin Up or Down - March 19, 6:25PM-6:30PM ET"
2026-03-19 22:25:05.000,SELL,Up,0.52122,5,0,"Bitcoin Up or Down - March 19, 6:25PM-6:30PM ET"
2026-03-19 22:24:51.000,BUY,Up,0.01,9.99976,0,"Bitcoin Up or Down - March 19, 6:20PM-6:25PM ET"
2026-03-19 22:24:35.000,BUY,Up,0.01,11.99971,0,"Bitcoin Up or Down - March 19, 6:20PM-6:25PM ET"
2026-03-19 22:24:35.000,BUY,Up,0.01,8.99978,0,"Bitcoin Up or Down - March 19, 6:20PM-6:25PM ET"
2026-03-19 22:24:35.000,BUY,Up,0.01,8.99978,0,"Bitcoin Up or Down - March 19, 6:20PM-6:25PM ET"
2026-03-19 22:24:33.000,BUY,Up,0.01,8.99978,0,"Bitcoin Up or Down - March 19, 6:20PM-6:25PM ET"
2026-03-19 22:24:33.000,BUY,Up,0.01,8.99978,0,"Bitcoin Up or Down - March 19, 6:20PM-6:25PM ET"
2026-03-19 22:24:33.000,BUY,Up,0.01,8.99978,0,"Bitcoin Up or Down - March 19, 6:20PM-6:25PM ET"
2026-03-19 22:24:33.000,BUY,Up,0.01,8.99978,0,"Bitcoin Up or Down - March 19, 6:20PM-6:25PM ET"
2026-03-19 22:24:31.000,BUY,Up,0.01,8.99978,0,"Bitcoin Up or Down - March 19, 6:20PM-6:25PM ET"
2026-03-19 22:24:27.000,,,0,630.59555,0,"Bitcoin Up or Down - March 19, 6:15PM-6:20PM ET"
2026-03-19 22:23:45.000,SELL,Up,0.04,10,0,"Bitcoin Up or Down - March 19, 6:20PM-6:25PM ET"
2026-03-19 22:23:35.000,SELL,Up,0.05,9,0,"Bitcoin Up or Down - March 19, 6:20PM-6:25PM ET"
2026-03-19 22:23:31.000,SELL,Up,0.06,10,0,"Bitcoin Up or Down - March 19, 6:20PM-6:25PM ET"
2026-03-19 22:23:17.000,SELL,Up,0.09,11,0,"Bitcoin Up or Down - March 19, 6:20PM-6:25PM ET"
2026-03-19 22:23:15.000,SELL,Up,0.09,10,0,"Bitcoin Up or Down - March 19, 6:20PM-6:25PM ET"
2026-03-19 22:22:33.000,BUY,Up,0.2,8.9424,0,"Bitcoin Up or Down - March 19, 6:20PM-6:25PM ET"
2026-03-19 22:22:33.000,BUY,Up,0.2,8.9424,0,"Bitcoin Up or Down - March 19, 6:20PM-6:25PM ET"
2026-03-19 22:22:25.000,,,0,81.61398,0,"Bitcoin Up or Down - March 19, 6:05PM-6:10PM ET"
2026-03-19 22:22:13.000,BUY,Up,0.19,9.94079,0,"Bitcoin Up or Down - March 19, 6:20PM-6:25PM ET"
2026-03-19 22:22:11.000,SELL,Up,0.13,14,0,"Bitcoin Up or Down - March 19, 6:20PM-6:25PM ET"
2026-03-19 22:22:09.000,SELL,Up,0.13,9,0,"Bitcoin Up or Down - March 19, 6:20PM-6:25PM ET"
2026-03-19 22:22:09.000,SELL,Up,0.18,9,0,"Bitcoin Up or Down - March 19, 6:20PM-6:25PM ET"
2026-03-19 22:22:01.000,SELL,Up,0.21,10,0,"Bitcoin Up or Down - March 19, 6:20PM-6:25PM ET"
2026-03-19 22:21:57.000,SELL,Up,0.21,11,0,"Bitcoin Up or Down - March 19, 6:20PM-6:25PM ET"
2026-03-19 22:21:57.000,SELL,Up,0.22,9,0,"Bitcoin Up or Down - March 19, 6:20PM-6:25PM ET"
2026-03-19 22:21:57.000,SELL,Up,0.22,9,0,"Bitcoin Up or Down - March 19, 6:20PM-6:25PM ET"
2026-03-19 22:21:57.000,SELL,Up,0.22,10,0,"Bitcoin Up or Down - March 19, 6:20PM-6:25PM ET"
2026-03-19 22:21:57.000,SELL,Up,0.22,9,0,"Bitcoin Up or Down - March 19, 6:20PM-6:25PM ET"
2026-03-19 22:21:41.000,BUY,Up,0.34,12.83635,0,"Bitcoin Up or Down - March 19, 6:20PM-6:25PM ET"
2026-03-19 22:21:39.000,BUY,Up,0.32,9.88163,0,"Bitcoin Up or Down - March 19, 6:20PM-6:25PM ET"
2026-03-19 22:21:33.000,SELL,Up,0.3,15,0,"Bitcoin Up or Down - March 19, 6:20PM-6:25PM ET"
2026-03-19 22:21:25.000,SELL,Up,0.29,9,0,"Bitcoin Up or Down - March 19, 6:20PM-6:25PM ET"
2026-03-19 22:21:17.000,SELL,Up,0.32,10,0,"Bitcoin Up or Down - March 19, 6:20PM-6:25PM ET"
2026-03-19 22:21:17.000,SELL,Up,0.32,9,0,"Bitcoin Up or Down - March 19, 6:20PM-6:25PM ET"
2026-03-19 22:21:17.000,SELL,Up,0.33,9,0,"Bitcoin Up or Down - March 19, 6:20PM-6:25PM ET"
2026-03-19 22:21:07.000,SELL,Up,0.36,11,0,"Bitcoin Up or Down - March 19, 6:20PM-6:25PM ET"
2026-03-19 22:21:05.000,SELL,Up,0.38,9,0,"Bitcoin Up or Down - March 19, 6:20PM-6:25PM ET"
2026-03-19 22:20:49.000,BUY,Up,0.45,11.81624,0,"Bitcoin Up or Down - March 19, 6:20PM-6:25PM ET"
2026-03-19 22:20:47.000,BUY,Up,0.43,11.81978,0,"Bitcoin Up or Down - March 19, 6:20PM-6:25PM ET"
2026-03-19 22:20:47.000,BUY,Up,0.4111666666666667,11.82416,0,"Bitcoin Up or Down - March 19, 6:20PM-6:25PM ET"
2026-03-19 22:20:33.000,SELL,Up,0.36,12,0,"Bitcoin Up or Down - March 19, 6:20PM-6:25PM ET"
2026-03-19 22:20:31.000,SELL,Up,0.36,67,0,"Bitcoin Up or Down - March 19, 6:20PM-6:25PM ET"
2026-03-19 22:20:31.000,SELL,Up,0.38,13,0,"Bitcoin Up or Down - March 19, 6:20PM-6:25PM ET"
2026-03-19 22:20:17.000,,,0.5,700,0,"Bitcoin Up or Down - March 19, 6:30PM-6:35PM ET"
2026-03-19 22:20:09.000,SELL,Down,0.5,12,0,"Bitcoin Up or Down - March 19, 6:20PM-6:25PM ET"
2026-03-19 22:20:09.000,SELL,Down,0.49,23,0,"Bitcoin Up or Down - March 19, 6:20PM-6:25PM ET"
2026-03-19 22:20:05.000,SELL,Up,0.47,5,0,"Bitcoin Up or Down - March 19, 6:20PM-6:25PM ET"
2026-03-19 22:19:59.000,SELL,Up,0.11,12,0,"Bitcoin Up or Down - March 19, 6:15PM-6:20PM ET"
2026-03-19 22:19:59.000,SELL,Up,0.14,12,0,"Bitcoin Up or Down - March 19, 6:15PM-6:20PM ET"
2026-03-19 22:19:59.000,SELL,Up,0.09,19,0,"Bitcoin Up or Down - March 19, 6:15PM-6:20PM ET"
2026-03-19 22:19:57.000,BUY,Up,0.42,11.82198,0,"Bitcoin Up or Down - March 19, 6:15PM-6:20PM ET"
2026-03-19 22:19:53.000,SELL,Down,0.4541,12,0,"Bitcoin Up or Down - March 19, 6:15PM-6:20PM ET"
2026-03-19 22:19:51.000,BUY,Up,0.29,11.87282,0,"Bitcoin Up or Down - March 19, 6:15PM-6:20PM ET"
2026-03-19 22:19:49.000,BUY,Up,0.25,15.85938,0,"Bitcoin Up or Down - March 19, 6:15PM-6:20PM ET"
2026-03-19 22:19:47.000,BUY,Up,0.1,11.9757,0,"Bitcoin Up or Down - March 19, 6:15PM-6:20PM ET"
2026-03-19 22:19:43.000,BUY,Up,0.1,16.96558,0,"Bitcoin Up or Down - March 19, 6:15PM-6:20PM ET"
2026-03-19 22:19:43.000,BUY,Up,0.06,13.98887,0,"Bitcoin Up or Down - March 19, 6:15PM-6:20PM ET"
2026-03-19 22:19:43.000,BUY,Up,0.08,11.98375,0,"Bitcoin Up or Down - March 19, 6:15PM-6:20PM ET"
2026-03-19 22:19:43.000,BUY,Up,0.06,11.99046,0,"Bitcoin Up or Down - March 19, 6:15PM-6:20PM ET"
2026-03-19 22:19:25.000,BUY,Up,0.07,13.98517,0,"Bitcoin Up or Down - March 19, 6:15PM-6:20PM ET"
2026-03-19 22:19:25.000,BUY,Up,0.06,14.98808,0,"Bitcoin Up or Down - March 19, 6:15PM-6:20PM ET"
2026-03-19 22:19:25.000,BUY,Up,0.05,11.99324,0,"Bitcoin Up or Down - March 19, 6:15PM-6:20PM ET"
2026-03-19 22:18:49.000,BUY,Up,0.1,12.97368,0,"Bitcoin Up or Down - March 19, 6:15PM-6:20PM ET"
2026-03-19 22:18:35.000,BUY,Up,0.11,16.95927,0,"Bitcoin Up or Down - March 19, 6:15PM-6:20PM ET"
2026-03-19 22:18:05.000,BUY,Up,0.12,13.96098,0,"Bitcoin Up or Down - March 19, 6:15PM-6:20PM ET"
2026-03-19 22:18:03.000,BUY,Up,0.12,14.95819,0,"Bitcoin Up or Down - March 19, 6:15PM-6:20PM ET"
2026-03-19 22:17:59.000,BUY,Up,0.11,11.97125,0,"Bitcoin Up or Down - March 19, 6:15PM-6:20PM ET"
2026-03-19 22:17:57.000,BUY,Up,0.1,11.9757,0,"Bitcoin Up or Down - March 19, 6:15PM-6:20PM ET"
2026-03-19 22:17:51.000,BUY,Up,0.11,11.97125,0,"Bitcoin Up or Down - March 19, 6:15PM-6:20PM ET"
2026-03-19 22:17:35.000,SELL,Up,0.09,14,0,"Bitcoin Up or Down - March 19, 6:15PM-6:20PM ET"
2026-03-19 22:17:33.000,SELL,Up,0.1,13,0,"Bitcoin Up or Down - March 19, 6:15PM-6:20PM ET"
2026-03-19 22:17:19.000,BUY,Up,0.14,11.95652,0,"Bitcoin Up or Down - March 19, 6:15PM-6:20PM ET"
2026-03-19 22:17:19.000,BUY,Up,0.14,11.95652,0,"Bitcoin Up or Down - March 19, 6:15PM-6:20PM ET"
2026-03-19 22:17:05.000,SELL,Up,0.11,12,0,"Bitcoin Up or Down - March 19, 6:15PM-6:20PM ET"
2026-03-19 22:17:05.000,SELL,Up,0.1,13,0,"Bitcoin Up or Down - March 19, 6:15PM-6:20PM ET"
2026-03-19 22:17:05.000,SELL,Up,0.11,13,0,"Bitcoin Up or Down - March 19, 6:15PM-6:20PM ET"
2026-03-19 22:17:03.000,SELL,Up,0.14,18,0,"Bitcoin Up or Down - March 19, 6:15PM-6:20PM ET"
2026-03-19 22:17:03.000,SELL,Up,0.14,12,0,"Bitcoin Up or Down - March 19, 6:15PM-6:20PM ET"
2026-03-19 22:17:01.000,SELL,Up,0.15,12,0,"Bitcoin Up or Down - March 19, 6:15PM-6:20PM ET"
2026-03-19 22:16:59.000,BUY,Up,0.22,11.91167,0,"Bitcoin Up or Down - March 19, 6:15PM-6:20PM ET"
2026-03-19 22:16:59.000,BUY,Up,0.22,11.91167,0,"Bitcoin Up or Down - March 19, 6:15PM-6:20PM ET"
2026-03-19 22:16:39.000,SELL,Up,0.2,12,0,"Bitcoin Up or Down - March 19, 6:15PM-6:20PM ET"
2026-03-19 22:16:37.000,SELL,Up,0.19,12,0,"Bitcoin Up or Down - March 19, 6:15PM-6:20PM ET"
2026-03-19 22:16:37.000,SELL,Up,0.21,20,0,"Bitcoin Up or Down - March 19, 6:15PM-6:20PM ET"
2026-03-19 22:16:35.000,SELL,Up,0.24,12,0,"Bitcoin Up or Down - March 19, 6:15PM-6:20PM ET"
2026-03-19 22:16:35.000,SELL,Up,0.23,12,0,"Bitcoin Up or Down - March 19, 6:15PM-6:20PM ET"
2026-03-19 22:16:35.000,SELL,Up,0.24,13,0,"Bitcoin Up or Down - March 19, 6:15PM-6:20PM ET"
2026-03-19 22:16:33.000,SELL,Up,0.28,12,0,"Bitcoin Up or Down - March 19, 6:15PM-6:20PM ET"
2026-03-19 22:16:29.000,,,0,572.76224,0,"Bitcoin Up or Down - March 19, 6:10PM-6:15PM ET"
2026-03-19 22:16:07.000,SELL,Up,0.35,12,0,"Bitcoin Up or Down - March 19, 6:15PM-6:20PM ET"
2026-03-19 22:16:07.000,SELL,Up,0.3,12,0,"Bitcoin Up or Down - March 19, 6:15PM-6:20PM ET"
2026-03-19 22:16:07.000,SELL,Up,0.35,16,0,"Bitcoin Up or Down - March 19, 6:15PM-6:20PM ET"
2026-03-19 22:16:05.000,SELL,Up,0.35,12,0,"Bitcoin Up or Down - March 19, 6:15PM-6:20PM ET"
2026-03-19 22:16:05.000,SELL,Up,0.39,12,0,"Bitcoin Up or Down - March 19, 6:15PM-6:20PM ET"
2026-03-19 22:16:05.000,SELL,Up,0.4141666666666667,12,0,"Bitcoin Up or Down - March 19, 6:15PM-6:20PM ET"
2026-03-19 22:16:03.000,SELL,Up,0.44,12,0,"Bitcoin Up or Down - March 19, 6:15PM-6:20PM ET"
2026-03-19 22:16:03.000,SELL,Up,0.45,12,0,"Bitcoin Up or Down - March 19, 6:15PM-6:20PM ET"
2026-03-19 22:15:55.000,,,0.5,700,0,"Bitcoin Up or Down - March 19, 6:25PM-6:30PM ET"
2026-03-19 22:15:35.000,SELL,Down,0.45,12,0,"Bitcoin Up or Down - March 19, 6:15PM-6:20PM ET"
2026-03-19 22:15:27.000,BUY,Up,0.5,14.76563,0,"Bitcoin Up or Down - March 19, 6:15PM-6:20PM ET"
2026-03-19 22:15:25.000,BUY,Up,0.49,11.81265,0,"Bitcoin Up or Down - March 19, 6:15PM-6:20PM ET"
2026-03-19 22:15:25.000,BUY,Up,0.45,11.81624,0,"Bitcoin Up or Down - March 19, 6:15PM-6:20PM ET"
2026-03-19 22:15:23.000,BUY,Up,0.44,12.80269,0,"Bitcoin Up or Down - March 19, 6:15PM-6:20PM ET"
2026-03-19 22:15:19.000,BUY,Up,0.43,11.81978,0,"Bitcoin Up or Down - March 19, 6:15PM-6:20PM ET"
2026-03-19 22:15:11.000,BUY,Up,0.37,13.80983,0,"Bitcoin Up or Down - March 19, 6:15PM-6:20PM ET"
2026-03-19 22:15:11.000,BUY,Up,0.37,11.837,0,"Bitcoin Up or Down - March 19, 6:15PM-6:20PM ET"
2026-03-19 22:15:07.000,SELL,Up,0.35,13,0,"Bitcoin Up or Down - March 19, 6:15PM-6:20PM ET"
2026-03-19 22:15:07.000,SELL,Up,0.35,12,0,"Bitcoin Up or Down - March 19, 6:15PM-6:20PM ET"
2026-03-19 22:15:07.000,SELL,Up,0.4,12,0,"Bitcoin Up or Down - March 19, 6:15PM-6:20PM ET"
2026-03-19 22:15:05.000,SELL,Up,0.4,13,0,"Bitcoin Up or Down - March 19, 6:15PM-6:20PM ET"
2026-03-19 22:15:05.000,SELL,Up,0.4,13,0,"Bitcoin Up or Down - March 19, 6:15PM-6:20PM ET"
2026-03-19 22:15:05.000,SELL,Up,0.4,12,0,"Bitcoin Up or Down - March 19, 6:15PM-6:20PM ET"
2026-03-19 22:15:05.000,SELL,Up,0.49,13,0,"Bitcoin Up or Down - March 19, 6:15PM-6:20PM ET"
2026-03-19 22:15:05.000,SELL,Up,0.5,12,0,"Bitcoin Up or Down - March 19, 6:15PM-6:20PM ET"
2026-03-19 22:15:05.000,SELL,Up,0.5,5,0,"Bitcoin Up or Down - March 19, 6:15PM-6:20PM ET"
2026-03-19 22:14:51.000,BUY,Down,0.01,11.99971,0,"Bitcoin Up or Down - March 19, 6:10PM-6:15PM ET"
2026-03-19 22:14:51.000,BUY,Down,0.01,15.99961,0,"Bitcoin Up or Down - March 19, 6:10PM-6:15PM ET"
2026-03-19 22:14:49.000,BUY,Down,0.01,11.99971,0,"Bitcoin Up or Down - March 19, 6:10PM-6:15PM ET"
2026-03-19 22:14:49.000,BUY,Down,0.01,12.99969,0,"Bitcoin Up or Down - March 19, 6:10PM-6:15PM ET"
2026-03-19 22:14:33.000,BUY,Down,0.02,11.99885,0,"Bitcoin Up or Down - March 19, 6:10PM-6:15PM ET"
2026-03-19 22:14:29.000,BUY,Down,0.02,11.99885,0,"Bitcoin Up or Down - March 19, 6:10PM-6:15PM ET"
2026-03-19 22:14:27.000,SELL,Down,0.02,5.31,0,"Bitcoin Up or Down - March 19, 6:10PM-6:15PM ET"
2026-03-19 22:14:27.000,SELL,Down,0.02,1.95,0,"Bitcoin Up or Down - March 19, 6:10PM-6:15PM ET"
2026-03-19 22:14:27.000,SELL,Down,0.02,13,0,"Bitcoin Up or Down - March 19, 6:10PM-6:15PM ET"
2026-03-19 22:14:27.000,SELL,Down,0.02,4.74,0,"Bitcoin Up or Down - March 19, 6:10PM-6:15PM ET"
2026-03-19 22:14:27.000,,,0,610.03476,0,"Bitcoin Up or Down - March 19, 6:05PM-6:10PM ET"
2026-03-19 22:14:21.000,SELL,Down,0.04,14,0,"Bitcoin Up or Down - March 19, 6:10PM-6:15PM ET"
2026-03-19 22:14:21.000,SELL,Down,0.03,13,0,"Bitcoin Up or Down - March 19, 6:10PM-6:15PM ET"
2026-03-19 22:14:21.000,SELL,Down,0.03,14,0,"Bitcoin Up or Down - March 19, 6:10PM-6:15PM ET"
2026-03-19 22:14:09.000,SELL,Down,0.05,13,0,"Bitcoin Up or Down - March 19, 6:10PM-6:15PM ET"
2026-03-19 22:14:07.000,SELL,Down,0.07,47,0,"Bitcoin Up or Down - March 19, 6:10PM-6:15PM ET"
2026-03-19 22:13:53.000,SELL,Down,0.19,12,0,"Bitcoin Up or Down - March 19, 6:10PM-6:15PM ET"
2026-03-19 22:13:53.000,SELL,Down,0.2,12,0,"Bitcoin Up or Down - March 19, 6:10PM-6:15PM ET"
2026-03-19 22:13:53.000,SELL,Down,0.27,14,0,"Bitcoin Up or Down - March 19, 6:10PM-6:15PM ET"
2026-03-19 22:13:51.000,SELL,Down,0.3,15,0,"Bitcoin Up or Down - March 19, 6:10PM-6:15PM ET"
2026-03-19 22:13:49.000,SELL,Down,0.4,12,0,"Bitcoin Up or Down - March 19, 6:10PM-6:15PM ET"
2026-03-19 22:13:49.000,SELL,Down,0.4,12,0,"Bitcoin Up or Down - March 19, 6:10PM-6:15PM ET"
2026-03-19 22:13:39.000,BUY,Up,0.54,11.8149,0,"Bitcoin Up or Down - March 19, 6:10PM-6:15PM ET"
2026-03-19 22:13:37.000,BUY,Up,0.5,11.8125,0,"Bitcoin Up or Down - March 19, 6:10PM-6:15PM ET"
2026-03-19 22:13:27.000,BUY,Up,0.43,11.81978,0,"Bitcoin Up or Down - March 19, 6:10PM-6:15PM ET"
2026-03-19 22:13:13.000,BUY,Up,0.42,12.80715,0,"Bitcoin Up or Down - March 19, 6:10PM-6:15PM ET"
2026-03-19 22:13:11.000,BUY,Up,0.37,11.837,0,"Bitcoin Up or Down - March 19, 6:10PM-6:15PM ET"
2026-03-19 22:13:05.000,SELL,Up,0.28,13,0,"Bitcoin Up or Down - March 19, 6:10PM-6:15PM ET"
2026-03-19 22:12:35.000,SELL,Up,0.33,15,0,"Bitcoin Up or Down - March 19, 6:10PM-6:15PM ET"
2026-03-19 22:12:33.000,SELL,Up,0.38,15,0,"Bitcoin Up or Down - March 19, 6:10PM-6:15PM ET"
2026-03-19 22:12:33.000,SELL,Up,0.41,15,0,"Bitcoin Up or Down - March 19, 6:10PM-6:15PM ET"
2026-03-19 22:12:31.000,BUY,Up,0.5276625,15.75153,0,"Bitcoin Up or Down - March 19, 6:10PM-6:15PM ET"
2026-03-19 22:12:27.000,BUY,Up,0.45,14.77029,0,"Bitcoin Up or Down - March 19, 6:10PM-6:15PM ET"
2026-03-19 22:12:27.000,BUY,Up,0.5,16.73438,0,"Bitcoin Up or Down - March 19, 6:10PM-6:15PM ET"
2026-03-19 22:12:25.000,BUY,Up,0.49,14.76582,0,"Bitcoin Up or Down - March 19, 6:10PM-6:15PM ET"
2026-03-19 22:12:23.000,,,0,4.08256,0,"Bitcoin Up or Down - March 19, 5:55PM-6:00PM ET"
2026-03-19 22:11:41.000,SELL,Up,0.32,15,0,"Bitcoin Up or Down - March 19, 6:10PM-6:15PM ET"
2026-03-19 22:11:37.000,BUY,Up,0.43,14.77473,0,"Bitcoin Up or Down - March 19, 6:10PM-6:15PM ET"
2026-03-19 22:11:35.000,BUY,Up,0.39,18.73117,0,"Bitcoin Up or Down - March 19, 6:10PM-6:15PM ET"
2026-03-19 22:10:55.000,SELL,Up,0.33,15,0,"Bitcoin Up or Down - March 19, 6:10PM-6:15PM ET"
2026-03-19 22:10:55.000,SELL,Up,0.35,15,0,"Bitcoin Up or Down - March 19, 6:10PM-6:15PM ET"
2026-03-19 22:10:35.000,,,0.5,700,0,"Bitcoin Up or Down - March 19, 6:20PM-6:25PM ET"
2026-03-19 22:10:33.000,SELL,Up,0.37,20,0,"Bitcoin Up or Down - March 19, 6:10PM-6:15PM ET"
2026-03-19 22:10:33.000,SELL,Up,0.41,15,0,"Bitcoin Up or Down - March 19, 6:10PM-6:15PM ET"
2026-03-19 22:10:31.000,SELL,Up,0.43,15,0,"Bitcoin Up or Down - March 19, 6:10PM-6:15PM ET"
2026-03-19 22:10:31.000,SELL,Up,0.46,16,0,"Bitcoin Up or Down - March 19, 6:10PM-6:15PM ET"
2026-03-19 22:10:25.000,BUY,Down,0.49,14.76582,0,"Bitcoin Up or Down - March 19, 6:10PM-6:15PM ET"
2026-03-19 22:10:21.000,SELL,Down,0.46,16,0,"Bitcoin Up or Down - March 19, 6:10PM-6:15PM ET"
2026-03-19 22:10:17.000,,,0,87.68115,0,"Bitcoin Up or Down - March 19, 6:00PM-6:05PM ET"
2026-03-19 22:10:05.000,SELL,Up,0.49,5,0,"Bitcoin Up or Down - March 19, 6:10PM-6:15PM ET"
2026-03-19 22:09:51.000,BUY,Down,0.02,14.99856,0,"Bitcoin Up or Down - March 19, 6:05PM-6:10PM ET"
2026-03-19 22:09:35.000,BUY,Down,0.09,14.97485,0,"Bitcoin Up or Down - March 19, 6:05PM-6:10PM ET"
2026-03-19 22:09:31.000,BUY,Down,0.11,16.95927,0,"Bitcoin Up or Down - March 19, 6:05PM-6:10PM ET"
2026-03-19 22:09:31.000,BUY,Down,0.05,15.99098,0,"Bitcoin Up or Down - March 19, 6:05PM-6:10PM ET"
2026-03-19 22:09:25.000,BUY,Down,0.03,14.99683,0,"Bitcoin Up or Down - March 19, 6:05PM-6:10PM ET"
2026-03-19 22:09:25.000,BUY,Down,0.03,16.99641,0,"Bitcoin Up or Down - March 19, 6:05PM-6:10PM ET"
2026-03-19 22:09:25.000,SELL,Down,0.02,15,0,"Bitcoin Up or Down - March 19, 6:05PM-6:10PM ET"
2026-03-19 22:09:23.000,BUY,Down,0.02,14.99856,0,"Bitcoin Up or Down - March 19, 6:05PM-6:10PM ET"
2026-03-19 22:09:23.000,BUY,Down,0.02,14.99856,0,"Bitcoin Up or Down - March 19, 6:05PM-6:10PM ET"
2026-03-19 22:09:23.000,BUY,Down,0.01,14.99964,0,"Bitcoin Up or Down - March 19, 6:05PM-6:10PM ET"
2026-03-19 22:09:19.000,SELL,Down,0.02,15,0,"Bitcoin Up or Down - March 19, 6:05PM-6:10PM ET"
2026-03-19 22:08:47.000,SELL,Down,0.06,15,0,"Bitcoin Up or Down - March 19, 6:05PM-6:10PM ET"
2026-03-19 22:08:45.000,SELL,Down,0.06,18,0,"Bitcoin Up or Down - March 19, 6:05PM-6:10PM ET"
2026-03-19 22:08:43.000,SELL,Down,0.1,15,0,"Bitcoin Up or Down - March 19, 6:05PM-6:10PM ET"
2026-03-19 22:08:41.000,SELL,Down,0.13,15,0,"Bitcoin Up or Down - March 19, 6:05PM-6:10PM ET"
2026-03-19 22:08:39.000,SELL,Down,0.15,17,0,"Bitcoin Up or Down - March 19, 6:05PM-6:10PM ET"
2026-03-19 22:08:39.000,SELL,Down,0.1772625,16,0,"Bitcoin Up or Down - March 19, 6:05PM-6:10PM ET"
2026-03-19 22:08:39.000,SELL,Down,0.23,16,0,"Bitcoin Up or Down - March 19, 6:05PM-6:10PM ET"
2026-03-19 22:08:35.000,BUY,Down,0.28,14.8476,0,"Bitcoin Up or Down - March 19, 6:05PM-6:10PM ET"
2026-03-19 22:08:33.000,SELL,Down,0.24,15,0,"Bitcoin Up or Down - March 19, 6:05PM-6:10PM ET"
2026-03-19 22:08:31.000,SELL,Down,0.25,20,0,"Bitcoin Up or Down - March 19, 6:05PM-6:10PM ET"
2026-03-19 22:08:31.000,SELL,Down,0.3,15,0,"Bitcoin Up or Down - March 19, 6:05PM-6:10PM ET"
2026-03-19 22:08:21.000,SELL,Down,0.3454,17,0,"Bitcoin Up or Down - March 19, 6:05PM-6:10PM ET"
2026-03-19 22:08:21.000,SELL,Down,0.4,16,0,"Bitcoin Up or Down - March 19, 6:05PM-6:10PM ET"
2026-03-19 22:08:07.000,SELL,Down,0.4164,15,0,"Bitcoin Up or Down - March 19, 6:05PM-6:10PM ET"
2026-03-19 22:08:07.000,BUY,Up,0.58,14.77748,0,"Bitcoin Up or Down - March 19, 6:05PM-6:10PM ET"
2026-03-19 22:07:53.000,SELL,Up,0.44,15,0,"Bitcoin Up or Down - March 19, 6:05PM-6:10PM ET"
2026-03-19 22:07:53.000,BUY,Down,0.55,14.77029,0,"Bitcoin Up or Down - March 19, 6:05PM-6:10PM ET"
2026-03-19 22:07:53.000,BUY,Down,0.51,16.73459,0,"Bitcoin Up or Down - March 19, 6:05PM-6:10PM ET"
2026-03-19 22:07:37.000,BUY,Down,0.46,14.76862,0,"Bitcoin Up or Down - March 19, 6:05PM-6:10PM ET"
2026-03-19 22:07:33.000,SELL,Down,0.4,15,0,"Bitcoin Up or Down - March 19, 6:05PM-6:10PM ET"
2026-03-19 22:07:33.000,SELL,Down,0.41,18,0,"Bitcoin Up or Down - March 19, 6:05PM-6:10PM ET"
2026-03-19 22:07:31.000,SELL,Down,0.45,18,0,"Bitcoin Up or Down - March 19, 6:05PM-6:10PM ET"
2026-03-19 22:07:29.000,BUY,Up,0.52,16.73523,0,"Bitcoin Up or Down - March 19, 6:05PM-6:10PM ET"
2026-03-19 22:07:27.000,BUY,Up,0.52,17.71965,0,"Bitcoin Up or Down - March 19, 6:05PM-6:10PM ET"
2026-03-19 22:07:25.000,BUY,Up,0.44,14.77233,0,"Bitcoin Up or Down - March 19, 6:05PM-6:10PM ET"
2026-03-19 22:07:25.000,BUY,Up,0.43559333333333333,14.77334,0,"Bitcoin Up or Down - March 19, 6:05PM-6:10PM ET"
2026-03-19 22:07:25.000,BUY,Up,0.4750666666666667,14.76679,0,"Bitcoin Up or Down - March 19, 6:05PM-6:10PM ET"
2026-03-19 22:07:25.000,BUY,Up,0.42743888888888887,17.73048,0,"Bitcoin Up or Down - March 19, 6:05PM-6:10PM ET"
2026-03-19 22:07:17.000,BUY,Up,0.35,14.80592,0,"Bitcoin Up or Down - March 19, 6:05PM-6:10PM ET"
2026-03-19 22:07:17.000,BUY,Up,0.35,14.80592,0,"Bitcoin Up or Down - March 19, 6:05PM-6:10PM ET"
2026-03-19 22:07:13.000,BUY,Up,0.34,14.81117,0,"Bitcoin Up or Down - March 19, 6:05PM-6:10PM ET"
2026-03-19 22:07:13.000,BUY,Up,0.30822666666666665,14.82951,0,"Bitcoin Up or Down - March 19, 6:05PM-6:10PM ET"
2026-03-19 22:07:11.000,BUY,Up,0.28,14.8476,0,"Bitcoin Up or Down - March 19, 6:05PM-6:10PM ET"
2026-03-19 22:06:31.000,,,0,577.69202,0,"Bitcoin Up or Down - March 19, 6:00PM-6:05PM ET"
2026-03-19 22:06:29.000,SELL,Up,0.29,15,0,"Bitcoin Up or Down - March 19, 6:05PM-6:10PM ET"
2026-03-19 22:06:29.000,SELL,Up,0.29,18,0,"Bitcoin Up or Down - March 19, 6:05PM-6:10PM ET"
2026-03-19 22:06:25.000,SELL,Up,0.3,17,0,"Bitcoin Up or Down - March 19, 6:05PM-6:10PM ET"
2026-03-19 22:06:25.000,SELL,Up,0.34,15,0,"Bitcoin Up or Down - March 19, 6:05PM-6:10PM ET"
2026-03-19 22:06:25.000,SELL,Up,0.3,16,0,"Bitcoin Up or Down - March 19, 6:05PM-6:10PM ET"
2026-03-19 22:06:25.000,SELL,Up,0.34,22,0,"Bitcoin Up or Down - March 19, 6:05PM-6:10PM ET"
2026-03-19 22:06:15.000,BUY,Up,0.45,14.77029,0,"Bitcoin Up or Down - March 19, 6:05PM-6:10PM ET"
2026-03-19 22:06:15.000,BUY,Up,0.43,14.77473,0,"Bitcoin Up or Down - March 19, 6:05PM-6:10PM ET"
2026-03-19 22:06:13.000,BUY,Up,0.42,14.77748,0,"Bitcoin Up or Down - March 19, 6:05PM-6:10PM ET"
2026-03-19 22:06:13.000,BUY,Up,0.39,14.78777,0,"Bitcoin Up or Down - March 19, 6:05PM-6:10PM ET"
2026-03-19 22:06:09.000,BUY,Up,0.36,14.80094,0,"Bitcoin Up or Down - March 19, 6:05PM-6:10PM ET"
2026-03-19 22:06:01.000,BUY,Up,0.36,14.80094,0,"Bitcoin Up or Down - March 19, 6:05PM-6:10PM ET"
2026-03-19 22:05:49.000,SELL,Up,0.26,15,0,"Bitcoin Up or Down - March 19, 6:05PM-6:10PM ET"
2026-03-19 22:05:47.000,SELL,Up,0.29,16,0,"Bitcoin Up or Down - March 19, 6:05PM-6:10PM ET"
2026-03-19 22:05:45.000,BUY,Up,0.34,14.81117,0,"Bitcoin Up or Down - March 19, 6:05PM-6:10PM ET"
2026-03-19 22:05:33.000,SELL,Up,0.3,16,0,"Bitcoin Up or Down - March 19, 6:05PM-6:10PM ET"
2026-03-19 22:05:33.000,SELL,Up,0.31,18,0,"Bitcoin Up or Down - March 19, 6:05PM-6:10PM ET"
2026-03-19 22:05:33.000,SELL,Up,0.31,16,0,"Bitcoin Up or Down - March 19, 6:05PM-6:10PM ET"
2026-03-19 22:05:31.000,SELL,Up,0.3,17,0,"Bitcoin Up or Down - March 19, 6:05PM-6:10PM ET"
2026-03-19 22:05:31.000,SELL,Up,0.36,16,0,"Bitcoin Up or Down - March 19, 6:05PM-6:10PM ET"
2026-03-19 22:05:29.000,SELL,Up,0.38,22,0,"Bitcoin Up or Down - March 19, 6:05PM-6:10PM ET"
2026-03-19 22:05:27.000,SELL,Up,0.41,15,0,"Bitcoin Up or Down - March 19, 6:05PM-6:10PM ET"
2026-03-19 22:05:17.000,BUY,Up,0.5,15.75,0,"Bitcoin Up or Down - March 19, 6:05PM-6:10PM ET"
2026-03-19 22:05:13.000,,,0.5,700,0,"Bitcoin Up or Down - March 19, 6:15PM-6:20PM ET"
2026-03-19 22:05:05.000,SELL,Up,0.42333333333333334,15,0,"Bitcoin Up or Down - March 19, 6:05PM-6:10PM ET"
2026-03-19 22:05:05.000,SELL,Up,0.45,29,0,"Bitcoin Up or Down - March 19, 6:05PM-6:10PM ET"
2026-03-19 22:04:43.000,SELL,Up,0.02,15,0,"Bitcoin Up or Down - March 19, 6:00PM-6:05PM ET"
2026-03-19 22:04:27.000,,,0,679.91744,0,"Bitcoin Up or Down - March 19, 5:55PM-6:00PM ET"
2026-03-19 22:04:09.000,BUY,Up,0.2,14.904,0,"Bitcoin Up or Down - March 19, 6:00PM-6:05PM ET"
2026-03-19 22:04:09.000,BUY,Up,0.20133333333333334,14.90304,0,"Bitcoin Up or Down - March 19, 6:00PM-6:05PM ET"
2026-03-19 22:04:09.000,BUY,Up,0.19333333333333333,14.9088,0,"Bitcoin Up or Down - March 19, 6:00PM-6:05PM ET"
2026-03-19 22:04:07.000,SELL,Up,0.07,15,0,"Bitcoin Up or Down - March 19, 6:00PM-6:05PM ET"
2026-03-19 22:03:51.000,SELL,Up,0.17,15,0,"Bitcoin Up or Down - March 19, 6:00PM-6:05PM ET"
2026-03-19 22:03:51.000,SELL,Up,0.2,15,0,"Bitcoin Up or Down - March 19, 6:00PM-6:05PM ET"
2026-03-19 22:03:51.000,SELL,Up,0.2,15,0,"Bitcoin Up or Down - March 19, 6:00PM-6:05PM ET"
2026-03-19 22:03:47.000,BUY,Up,0.28,16.82727,0,"Bitcoin Up or Down - March 19, 6:00PM-6:05PM ET"
2026-03-19 22:03:37.000,SELL,Up,0.2,15,0,"Bitcoin Up or Down - March 19, 6:00PM-6:05PM ET"
2026-03-19 22:03:33.000,SELL,Up,0.24,15,0,"Bitcoin Up or Down - March 19, 6:00PM-6:05PM ET"
2026-03-19 22:03:27.000,SELL,Up,0.3232466666666667,15,0,"Bitcoin Up or Down - March 19, 6:00PM-6:05PM ET"
2026-03-19 22:03:27.000,SELL,Up,0.28,16,0,"Bitcoin Up or Down - March 19, 6:00PM-6:05PM ET"
2026-03-19 22:03:27.000,SELL,Up,0.39,15,0,"Bitcoin Up or Down - March 19, 6:00PM-6:05PM ET"
2026-03-19 22:03:25.000,SELL,Up,0.37,16,0,"Bitcoin Up or Down - March 19, 6:00PM-6:05PM ET"
2026-03-19 22:03:15.000,BUY,Down,0.53,16.73629,0,"Bitcoin Up or Down - March 19, 6:00PM-6:05PM ET"
2026-03-19 22:03:07.000,SELL,Down,0.37,15,0,"Bitcoin Up or Down - March 19, 6:00PM-6:05PM ET"
2026-03-19 22:03:07.000,BUY,Down,0.47,14.76731,0,"Bitcoin Up or Down - March 19, 6:00PM-6:05PM ET"
2026-03-19 22:03:07.000,BUY,Down,0.45,14.77029,0,"Bitcoin Up or Down - March 19, 6:00PM-6:05PM ET"
2026-03-19 22:02:57.000,BUY,Down,0.46,19.69149,0,"Bitcoin Up or Down - March 19, 6:00PM-6:05PM ET"
2026-03-19 22:02:53.000,SELL,Down,0.37,12,0,"Bitcoin Up or Down - March 19, 6:00PM-6:05PM ET"
2026-03-19 22:02:53.000,SELL,Down,0.41,15,0,"Bitcoin Up or Down - March 19, 6:00PM-6:05PM ET"
2026-03-19 22:02:53.000,SELL,Down,0.4576923076923077,13,0,"Bitcoin Up or Down - March 19, 6:00PM-6:05PM ET"
2026-03-19 22:02:49.000,BUY,Down,0.5,42.32813,0,"Bitcoin Up or Down - March 19, 6:00PM-6:05PM ET"
2026-03-19 22:02:49.000,BUY,Down,0.5,15.75,0,"Bitcoin Up or Down - March 19, 6:00PM-6:05PM ET"
2026-03-19 22:02:47.000,BUY,Down,0.36,11.84075,0,"Bitcoin Up or Down - March 19, 6:00PM-6:05PM ET"
2026-03-19 22:02:47.000,BUY,Down,0.41,13.7952,0,"Bitcoin Up or Down - March 19, 6:00PM-6:05PM ET"
2026-03-19 22:02:47.000,BUY,Down,0.36,12.82748,0,"Bitcoin Up or Down - March 19, 6:00PM-6:05PM ET"
2026-03-19 22:02:39.000,SELL,Down,0.29,12,0,"Bitcoin Up or Down - March 19, 6:00PM-6:05PM ET"
2026-03-19 22:02:39.000,SELL,Down,0.29,14,0,"Bitcoin Up or Down - March 19, 6:00PM-6:05PM ET"
2026-03-19 22:02:25.000,,,0,1.63231,0,"Bitcoin Up or Down - March 19, 5:50PM-5:55PM ET"
2026-03-19 22:02:23.000,SELL,Down,0.36,13,0,"Bitcoin Up or Down - March 19, 6:00PM-6:05PM ET"
2026-03-19 22:02:11.000,SELL,Down,0.35,12,0,"Bitcoin Up or Down - March 19, 6:00PM-6:05PM ET"
2026-03-19 22:02:11.000,SELL,Down,0.35,12,0,"Bitcoin Up or Down - March 19, 6:00PM-6:05PM ET"
2026-03-19 22:02:05.000,SELL,Down,0.41,14,0,"Bitcoin Up or Down - March 19, 6:00PM-6:05PM ET"
2026-03-19 22:02:03.000,SELL,Down,0.44,12,0,"Bitcoin Up or Down - March 19, 6:00PM-6:05PM ET"
2026-03-19 22:02:03.000,SELL,Down,0.44,12,0,"Bitcoin Up or Down - March 19, 6:00PM-6:05PM ET"
2026-03-19 22:02:03.000,SELL,Down,0.47,12,0,"Bitcoin Up or Down - March 19, 6:00PM-6:05PM ET"
2026-03-19 22:01:57.000,BUY,Down,0.56,11.81787,0,"Bitcoin Up or Down - March 19, 6:00PM-6:05PM ET"
2026-03-19 22:01:53.000,BUY,Down,0.45615833333333333,11.81538,0,"Bitcoin Up or Down - March 19, 6:00PM-6:05PM ET"
2026-03-19 22:01:53.000,BUY,Down,0.53,11.81385,0,"Bitcoin Up or Down - March 19, 6:00PM-6:05PM ET"
2026-03-19 22:01:53.000,BUY,Down,0.52916,29.53444,0,"Bitcoin Up or Down - March 19, 6:00PM-6:05PM ET"
2026-03-19 22:01:49.000,BUY,Down,0.43,13.78975,0,"Bitcoin Up or Down - March 19, 6:00PM-6:05PM ET"
2026-03-19 22:01:49.000,BUY,Down,0.42,11.82198,0,"Bitcoin Up or Down - March 19, 6:00PM-6:05PM ET"
2026-03-19 22:01:45.000,SELL,Down,0.33,13,0,"Bitcoin Up or Down - March 19, 6:00PM-6:05PM ET"
2026-03-19 22:01:43.000,SELL,Down,0.38,12,0,"Bitcoin Up or Down - March 19, 6:00PM-6:05PM ET"
2026-03-19 22:01:43.000,SELL,Down,0.5,13,0,"Bitcoin Up or Down - March 19, 6:00PM-6:05PM ET"
2026-03-19 22:01:43.000,SELL,Down,0.48,12,0,"Bitcoin Up or Down - March 19, 6:00PM-6:05PM ET"
2026-03-19 22:01:43.000,SELL,Down,0.3611642857142857,14,0,"Bitcoin Up or Down - March 19, 6:00PM-6:05PM ET"
2026-03-19 22:01:43.000,SELL,Down,0.35,13,0,"Bitcoin Up or Down - March 19, 6:00PM-6:05PM ET"
2026-03-19 22:01:41.000,SELL,Down,0.49,12,0,"Bitcoin Up or Down - March 19, 6:00PM-6:05PM ET"
2026-03-19 22:01:41.000,SELL,Down,0.5,13,0,"Bitcoin Up or Down - March 19, 6:00PM-6:05PM ET"
2026-03-19 22:01:37.000,BUY,Up,0.47,14.76731,0,"Bitcoin Up or Down - March 19, 6:00PM-6:05PM ET"
2026-03-19 22:01:37.000,BUY,Up,0.47,15.7518,0,"Bitcoin Up or Down - March 19, 6:00PM-6:05PM ET"
2026-03-19 22:01:37.000,BUY,Up,0.46,11.8149,0,"Bitcoin Up or Down - March 19, 6:00PM-6:05PM ET"
2026-03-19 22:01:37.000,BUY,Up,0.46,11.8149,0,"Bitcoin Up or Down - March 19, 6:00PM-6:05PM ET"
2026-03-19 22:01:37.000,SELL,Up,0.35183,30,0,"Bitcoin Up or Down - March 19, 6:00PM-6:05PM ET"
2026-03-19 22:01:37.000,SELL,Up,0.4,16,0,"Bitcoin Up or Down - March 19, 6:00PM-6:05PM ET"
2026-03-19 22:01:35.000,SELL,Up,0.44,12,0,"Bitcoin Up or Down - March 19, 6:00PM-6:05PM ET"
2026-03-19 22:01:35.000,SELL,Up,0.44,13,0,"Bitcoin Up or Down - March 19, 6:00PM-6:05PM ET"
2026-03-19 22:01:35.000,BUY,Down,0.51,11.81265,0,"Bitcoin Up or Down - March 19, 6:00PM-6:05PM ET"
2026-03-19 22:01:35.000,BUY,Down,0.49,11.81265,0,"Bitcoin Up or Down - March 19, 6:00PM-6:05PM ET"
2026-03-19 22:01:33.000,BUY,Down,0.44,33.48394,0,"Bitcoin Up or Down - March 19, 6:00PM-6:05PM ET"
2026-03-19 22:01:33.000,BUY,Down,0.41,80.80043,0,"Bitcoin Up or Down - March 19, 6:00PM-6:05PM ET"
2026-03-19 22:01:33.000,BUY,Down,0.41,11.82446,0,"Bitcoin Up or Down - March 19, 6:00PM-6:05PM ET"
2026-03-19 22:01:21.000,BUY,Down,0.3,11.8677,0,"Bitcoin Up or Down - March 19, 6:00PM-6:05PM ET"
2026-03-19 22:01:19.000,BUY,Down,0.29,11.87282,0,"Bitcoin Up or Down - March 19, 6:00PM-6:05PM ET"
2026-03-19 22:01:07.000,BUY,Down,0.29,12.86222,0,"Bitcoin Up or Down - March 19, 6:00PM-6:05PM ET"
2026-03-19 22:01:07.000,BUY,Down,0.28,11.87808,0,"Bitcoin Up or Down - March 19, 6:00PM-6:05PM ET"
2026-03-19 22:01:05.000,BUY,Down,0.23,11.90591,0,"Bitcoin Up or Down - March 19, 6:00PM-6:05PM ET"
2026-03-19 22:01:05.000,BUY,Down,0.24,11.9002,0,"Bitcoin Up or Down - March 19, 6:00PM-6:05PM ET"
2026-03-19 22:01:03.000,BUY,Down,0.22,11.91167,0,"Bitcoin Up or Down - March 19, 6:00PM-6:05PM ET"
2026-03-19 22:01:03.000,BUY,Down,0.21,12.91056,0,"Bitcoin Up or Down - March 19, 6:00PM-6:05PM ET"
2026-03-19 22:01:03.000,BUY,Down,0.21,11.91744,0,"Bitcoin Up or Down - March 19, 6:00PM-6:05PM ET"
2026-03-19 22:00:57.000,SELL,Down,0.17,16,0,"Bitcoin Up or Down - March 19, 6:00PM-6:05PM ET"
2026-03-19 22:00:57.000,BUY,Down,0.21,12.91056,0,"Bitcoin Up or Down - March 19, 6:00PM-6:05PM ET"
2026-03-19 22:00:57.000,SELL,Down,0.19597,30,0,"Bitcoin Up or Down - March 19, 6:00PM-6:05PM ET"
2026-03-19 22:00:57.000,SELL,Down,0.21053030303030304,33,0,"Bitcoin Up or Down - March 19, 6:00PM-6:05PM ET"
2026-03-19 22:00:55.000,SELL,Down,0.21,15,0,"Bitcoin Up or Down - March 19, 6:00PM-6:05PM ET"
2026-03-19 22:00:53.000,,,0.5,700,0,"Bitcoin Up or Down - March 19, 6:10PM-6:15PM ET"
2026-03-19 22:00:49.000,SELL,Down,0.24,13,0,"Bitcoin Up or Down - March 19, 6:00PM-6:05PM ET"
2026-03-19 22:00:45.000,SELL,Down,0.26,12,0,"Bitcoin Up or Down - March 19, 6:00PM-6:05PM ET"
2026-03-19 22:00:41.000,SELL,Down,0.27,14,0,"Bitcoin Up or Down - March 19, 6:00PM-6:05PM ET"
2026-03-19 22:00:39.000,SELL,Down,0.29,18,0,"Bitcoin Up or Down - March 19, 6:00PM-6:05PM ET"
2026-03-19 22:00:39.000,SELL,Down,0.31,13,0,"Bitcoin Up or Down - March 19, 6:00PM-6:05PM ET"
2026-03-19 22:00:39.000,SELL,Down,0.32,12,0,"Bitcoin Up or Down - March 19, 6:00PM-6:05PM ET"
2026-03-19 22:00:39.000,SELL,Down,0.33,12,0,"Bitcoin Up or Down - March 19, 6:00PM-6:05PM ET"
2026-03-19 22:00:37.000,BUY,Down,0.38,11.83348,0,"Bitcoin Up or Down - March 19, 6:00PM-6:05PM ET"
2026-03-19 22:00:37.000,BUY,Down,0.4,12.8128,0,"Bitcoin Up or Down - March 19, 6:00PM-6:05PM ET"
2026-03-19 22:00:31.000,BUY,Down,0.335075,11.85109,0,"Bitcoin Up or Down - March 19, 6:00PM-6:05PM ET"
2026-03-19 22:00:31.000,BUY,Down,0.33,11.85335,0,"Bitcoin Up or Down - March 19, 6:00PM-6:05PM ET"
2026-03-19 22:00:27.000,BUY,Down,0.34,14.81117,0,"Bitcoin Up or Down - March 19, 6:00PM-6:05PM ET"
2026-03-19 22:00:27.000,SELL,Down,0.28,19,0,"Bitcoin Up or Down - March 19, 6:00PM-6:05PM ET"
2026-03-19 22:00:27.000,SELL,Down,0.28,13,0,"Bitcoin Up or Down - March 19, 6:00PM-6:05PM ET"
2026-03-19 22:00:27.000,BUY,Down,0.34,11.84894,0,"Bitcoin Up or Down - March 19, 6:00PM-6:05PM ET"
2026-03-19 22:00:23.000,SELL,Down,0.27,11.99,0,"Bitcoin Up or Down - March 19, 6:00PM-6:05PM ET"
2026-03-19 22:00:19.000,,,0,130.23847,0,"Bitcoin Up or Down - March 19, 5:45PM-5:50PM ET"
2026-03-19 22:00:17.000,SELL,Down,0.3,13,0,"Bitcoin Up or Down - March 19, 6:00PM-6:05PM ET"
2026-03-19 22:00:15.000,SELL,Down,0.2757142857142857,14,0,"Bitcoin Up or Down - March 19, 6:00PM-6:05PM ET"
2026-03-19 22:00:15.000,SELL,Down,0.33,12,0,"Bitcoin Up or Down - March 19, 6:00PM-6:05PM ET"
2026-03-19 22:00:09.000,BUY,Down,0.41,15.76594,0,"Bitcoin Up or Down - March 19, 6:00PM-6:05PM ET"
2026-03-19 22:00:07.000,SELL,Down,0.49,15,0,"Bitcoin Up or Down - March 19, 6:00PM-6:05PM ET"
2026-03-19 22:00:07.000,BUY,Down,0.46,11.8149,0,"Bitcoin Up or Down - March 19, 6:00PM-6:05PM ET"
2026-03-19 22:00:07.000,SELL,Down,0.46813333333333335,12,0,"Bitcoin Up or Down - March 19, 6:00PM-6:05PM ET"
2026-03-19 22:00:07.000,SELL,Down,0.47,42,0,"Bitcoin Up or Down - March 19, 6:00PM-6:05PM ET"
2026-03-19 22:00:07.000,SELL,Down,0.4769925925925926,27,0,"Bitcoin Up or Down - March 19, 6:00PM-6:05PM ET"
2026-03-19 22:00:07.000,SELL,Down,0.46,12,0,"Bitcoin Up or Down - March 19, 6:00PM-6:05PM ET"
2026-03-19 22:00:07.000,SELL,Down,0.46,13,0,"Bitcoin Up or Down - March 19, 6:00PM-6:05PM ET"
2026-03-19 21:59:49.000,SELL,Up,0.6,16,0,"Bitcoin Up or Down - March 19, 5:55PM-6:00PM ET"
2026-03-19 21:59:47.000,BUY,Down,0.28594166666666665,11.87494,0,"Bitcoin Up or Down - March 19, 5:55PM-6:00PM ET"
2026-03-19 21:59:47.000,BUY,Down,0.25,11.89454,0,"Bitcoin Up or Down - March 19, 5:55PM-6:00PM ET"
2026-03-19 21:59:43.000,BUY,Down,0.15,25.89434,0,"Bitcoin Up or Down - March 19, 5:55PM-6:00PM ET"
2026-03-19 21:59:41.000,BUY,Down,0.15,12.94717,0,"Bitcoin Up or Down - March 19, 5:55PM-6:00PM ET"
2026-03-19 21:59:41.000,BUY,Down,0.07,14.98411,0,"Bitcoin Up or Down - March 19, 5:55PM-6:00PM ET"
2026-03-19 21:59:39.000,BUY,Down,0.03,11.99746,0,"Bitcoin Up or Down - March 19, 5:55PM-6:00PM ET"
2026-03-19 21:59:31.000,BUY,Down,0.04,11.99558,0,"Bitcoin Up or Down - March 19, 5:55PM-6:00PM ET"
2026-03-19 21:59:19.000,BUY,Down,0.04,11.99558,0,"Bitcoin Up or Down - March 19, 5:55PM-6:00PM ET"
2026-03-19 21:59:19.000,BUY,Down,0.04,25.99042,0,"Bitcoin Up or Down - March 19, 5:55PM-6:00PM ET"
2026-03-19 21:59:19.000,BUY,Down,0.03,11.99746,0,"Bitcoin Up or Down - March 19, 5:55PM-6:00PM ET"
2026-03-19 21:58:59.000,BUY,Down,0.04,11.99558,0,"Bitcoin Up or Down - March 19, 5:55PM-6:00PM ET"
2026-03-19 21:58:59.000,BUY,Down,0.05,11.99324,0,"Bitcoin Up or Down - March 19, 5:55PM-6:00PM ET"
2026-03-19 21:58:53.000,BUY,Down,0.05,11.99324,0,"Bitcoin Up or Down - March 19, 5:55PM-6:00PM ET"
2026-03-19 21:58:53.000,BUY,Down,0.05,11.99324,0,"Bitcoin Up or Down - March 19, 5:55PM-6:00PM ET"
2026-03-19 21:58:53.000,BUY,Down,0.04,11.99558,0,"Bitcoin Up or Down - March 19, 5:55PM-6:00PM ET"
2026-03-19 21:58:45.000,BUY,Down,0.05,12.99267,0,"Bitcoin Up or Down - March 19, 5:55PM-6:00PM ET"
2026-03-19 21:58:29.000,BUY,Down,0.05,12.99267,0,"Bitcoin Up or Down - March 19, 5:55PM-6:00PM ET"
2026-03-19 21:58:29.000,BUY,Down,0.04,11.99558,0,"Bitcoin Up or Down - March 19, 5:55PM-6:00PM ET"
2026-03-19 21:58:29.000,BUY,Down,0.04,14.99448,0,"Bitcoin Up or Down - March 19, 5:55PM-6:00PM ET"
2026-03-19 21:58:27.000,SELL,Down,0.03,14,0,"Bitcoin Up or Down - March 19, 5:55PM-6:00PM ET"
2026-03-19 21:58:25.000,SELL,Down,0.04,12,0,"Bitcoin Up or Down - March 19, 5:55PM-6:00PM ET"
2026-03-19 21:58:23.000,SELL,Down,0.04,12,0,"Bitcoin Up or Down - March 19, 5:55PM-6:00PM ET"
2026-03-19 21:58:23.000,SELL,Down,0.05,12,0,"Bitcoin Up or Down - March 19, 5:55PM-6:00PM ET"
2026-03-19 21:58:23.000,SELL,Down,0.05,12,0,"Bitcoin Up or Down - March 19, 5:55PM-6:00PM ET"
2026-03-19 21:58:23.000,SELL,Down,0.05,21,0,"Bitcoin Up or Down - March 19, 5:55PM-6:00PM ET"
2026-03-19 21:58:17.000,SELL,Down,0.07,12,0,"Bitcoin Up or Down - March 19, 5:55PM-6:00PM ET"
2026-03-19 21:58:15.000,SELL,Down,0.07,15,0,"Bitcoin Up or Down - March 19, 5:55PM-6:00PM ET"
2026-03-19 21:58:15.000,SELL,Down,0.08153846153846153,13,0,"Bitcoin Up or Down - March 19, 5:55PM-6:00PM ET"
2026-03-19 21:58:07.000,BUY,Down,0.14,11.95652,0,"Bitcoin Up or Down - March 19, 5:55PM-6:00PM ET"
2026-03-19 21:58:07.000,BUY,Down,0.14,11.95652,0,"Bitcoin Up or Down - March 19, 5:55PM-6:00PM ET"
2026-03-19 21:58:03.000,BUY,Down,0.11166666666666666,11.97048,0,"Bitcoin Up or Down - March 19, 5:55PM-6:00PM ET"
2026-03-19 21:57:45.000,SELL,Down,0.08,12,0,"Bitcoin Up or Down - March 19, 5:55PM-6:00PM ET"
2026-03-19 21:57:43.000,SELL,Down,0.1,12,0,"Bitcoin Up or Down - March 19, 5:55PM-6:00PM ET"
2026-03-19 21:57:43.000,SELL,Down,0.12,13,0,"Bitcoin Up or Down - March 19, 5:55PM-6:00PM ET"
2026-03-19 21:57:35.000,SELL,Down,0.16307692307692306,13,0,"Bitcoin Up or Down - March 19, 5:55PM-6:00PM ET"
2026-03-19 21:57:35.000,SELL,Down,0.14,12,0,"Bitcoin Up or Down - March 19, 5:55PM-6:00PM ET"
2026-03-19 21:57:35.000,SELL,Down,0.13,12,0,"Bitcoin Up or Down - March 19, 5:55PM-6:00PM ET"
2026-03-19 21:57:33.000,SELL,Down,0.17,12,0,"Bitcoin Up or Down - March 19, 5:55PM-6:00PM ET"
2026-03-19 21:57:33.000,SELL,Down,0.18,12,0,"Bitcoin Up or Down - March 19, 5:55PM-6:00PM ET"
2026-03-19 21:57:27.000,BUY,Down,0.27,11.88346,0,"Bitcoin Up or Down - March 19, 5:55PM-6:00PM ET"
2026-03-19 21:57:27.000,BUY,Down,0.26,11.88895,0,"Bitcoin Up or Down - March 19, 5:55PM-6:00PM ET"
2026-03-19 21:57:19.000,BUY,Down,0.23,11.90591,0,"Bitcoin Up or Down - March 19, 5:55PM-6:00PM ET"
2026-03-19 21:57:19.000,BUY,Down,0.23,13.89023,0,"Bitcoin Up or Down - March 19, 5:55PM-6:00PM ET"
2026-03-19 21:57:17.000,BUY,Down,0.21,11.91744,0,"Bitcoin Up or Down - March 19, 5:55PM-6:00PM ET"
2026-03-19 21:57:11.000,BUY,Down,0.19,13.91711,0,"Bitcoin Up or Down - March 19, 5:55PM-6:00PM ET"
2026-03-19 21:57:11.000,BUY,Down,0.19,19.88158,0,"Bitcoin Up or Down - March 19, 5:55PM-6:00PM ET"
2026-03-19 21:57:01.000,BUY,Down,0.19,11.92895,0,"Bitcoin Up or Down - March 19, 5:55PM-6:00PM ET"
2026-03-19 21:56:55.000,BUY,Down,0.16,17.91872,0,"Bitcoin Up or Down - March 19, 5:55PM-6:00PM ET"
2026-03-19 21:56:53.000,BUY,Down,0.16,11.94581,0,"Bitcoin Up or Down - March 19, 5:55PM-6:00PM ET"
2026-03-19 21:56:31.000,,,0,533.20354,0,"Bitcoin Up or Down - March 19, 5:50PM-5:55PM ET"
2026-03-19 21:56:19.000,BUY,Down,0.18,11.93465,0,"Bitcoin Up or Down - March 19, 5:55PM-6:00PM ET"
2026-03-19 21:56:19.000,BUY,Down,0.18,11.93465,0,"Bitcoin Up or Down - March 19, 5:55PM-6:00PM ET"
2026-03-19 21:56:19.000,BUY,Down,0.16,12.9413,0,"Bitcoin Up or Down - March 19, 5:55PM-6:00PM ET"
2026-03-19 21:56:17.000,BUY,Down,0.1407357142857143,13.94882,0,"Bitcoin Up or Down - March 19, 5:55PM-6:00PM ET"
2026-03-19 21:56:17.000,BUY,Down,0.14,11.95652,0,"Bitcoin Up or Down - March 19, 5:55PM-6:00PM ET"
2026-03-19 21:56:17.000,BUY,Down,0.13,21.92965,0,"Bitcoin Up or Down - March 19, 5:55PM-6:00PM ET"
2026-03-19 21:56:05.000,BUY,Down,0.12,11.96655,0,"Bitcoin Up or Down - March 19, 5:55PM-6:00PM ET"
2026-03-19 21:56:05.000,BUY,Down,0.12666666666666668,11.96329,0,"Bitcoin Up or Down - March 19, 5:55PM-6:00PM ET"
2026-03-19 21:56:05.000,BUY,Down,0.12,13.96098,0,"Bitcoin Up or Down - March 19, 5:55PM-6:00PM ET"
2026-03-19 21:56:05.000,BUY,Down,0.12,12.96376,0,"Bitcoin Up or Down - March 19, 5:55PM-6:00PM ET"
2026-03-19 21:55:51.000,BUY,Down,0.11,13.96646,0,"Bitcoin Up or Down - March 19, 5:55PM-6:00PM ET"
2026-03-19 21:55:51.000,SELL,Down,0.09,19,0,"Bitcoin Up or Down - March 19, 5:55PM-6:00PM ET"
2026-03-19 21:55:51.000,BUY,Down,0.11,11.97125,0,"Bitcoin Up or Down - March 19, 5:55PM-6:00PM ET"
2026-03-19 21:55:51.000,SELL,Down,0.08,12,0,"Bitcoin Up or Down - March 19, 5:55PM-6:00PM ET"
2026-03-19 21:55:51.000,SELL,Down,0.08,15,0,"Bitcoin Up or Down - March 19, 5:55PM-6:00PM ET"
2026-03-19 21:55:51.000,SELL,Down,0.09,12,0,"Bitcoin Up or Down - March 19, 5:55PM-6:00PM ET"
2026-03-19 21:55:49.000,SELL,Down,0.11,20,0,"Bitcoin Up or Down - March 19, 5:55PM-6:00PM ET"
2026-03-19 21:55:47.000,SELL,Down,0.12,12,0,"Bitcoin Up or Down - March 19, 5:55PM-6:00PM ET"
2026-03-19 21:55:47.000,SELL,Down,0.11,12,0,"Bitcoin Up or Down - March 19, 5:55PM-6:00PM ET"
2026-03-19 21:55:45.000,SELL,Down,0.15,12,0,"Bitcoin Up or Down - March 19, 5:55PM-6:00PM ET"
2026-03-19 21:55:45.000,SELL,Down,0.14,15,0,"Bitcoin Up or Down - March 19, 5:55PM-6:00PM ET"
2026-03-19 21:55:45.000,SELL,Down,0.14,15,0,"Bitcoin Up or Down - March 19, 5:55PM-6:00PM ET"
2026-03-19 21:55:45.000,SELL,Down,0.12,12,0,"Bitcoin Up or Down - March 19, 5:55PM-6:00PM ET"
2026-03-19 21:55:43.000,SELL,Down,0.17,14,0,"Bitcoin Up or Down - March 19, 5:55PM-6:00PM ET"
2026-03-19 21:55:43.000,SELL,Down,0.16,12,0,"Bitcoin Up or Down - March 19, 5:55PM-6:00PM ET"
2026-03-19 21:55:41.000,SELL,Down,0.2,15,0,"Bitcoin Up or Down - March 19, 5:55PM-6:00PM ET"
2026-03-19 21:55:41.000,SELL,Down,0.17916666666666667,12,0,"Bitcoin Up or Down - March 19, 5:55PM-6:00PM ET"
2026-03-19 21:55:39.000,SELL,Down,0.17,12,0,"Bitcoin Up or Down - March 19, 5:55PM-6:00PM ET"
2026-03-19 21:55:39.000,SELL,Down,0.18,12,0,"Bitcoin Up or Down - March 19, 5:55PM-6:00PM ET"
2026-03-19 21:55:37.000,SELL,Down,0.21,12,0,"Bitcoin Up or Down - March 19, 5:55PM-6:00PM ET"
2026-03-19 21:55:37.000,SELL,Down,0.21,12,0,"Bitcoin Up or Down - March 19, 5:55PM-6:00PM ET"
2026-03-19 21:55:37.000,SELL,Down,0.25,12,0,"Bitcoin Up or Down - March 19, 5:55PM-6:00PM ET"
2026-03-19 21:55:33.000,SELL,Down,0.26,16,0,"Bitcoin Up or Down - March 19, 5:55PM-6:00PM ET"
2026-03-19 21:55:33.000,SELL,Down,0.26,12,0,"Bitcoin Up or Down - March 19, 5:55PM-6:00PM ET"
2026-03-19 21:55:33.000,SELL,Down,0.26,16,0,"Bitcoin Up or Down - March 19, 5:55PM-6:00PM ET"
2026-03-19 21:55:33.000,SELL,Down,0.26,12,0,"Bitcoin Up or Down - March 19, 5:55PM-6:00PM ET"
2026-03-19 21:55:31.000,SELL,Down,0.3,14,0,"Bitcoin Up or Down - March 19, 5:55PM-6:00PM ET"
2026-03-19 21:55:31.000,,,0.5,700,0,"Bitcoin Up or Down - March 19, 6:05PM-6:10PM ET"
2026-03-19 21:55:07.000,SELL,Down,0.4,16,0,"Bitcoin Up or Down - March 19, 5:55PM-6:00PM ET"
2026-03-19 21:55:05.000,SELL,Down,0.4,43,0,"Bitcoin Up or Down - March 19, 5:55PM-6:00PM ET"
2026-03-19 21:54:27.000,,,0,569.76153,0,"Bitcoin Up or Down - March 19, 5:45PM-5:50PM ET"
2026-03-19 21:53:13.000,BUY,Up,0.45,11.81624,0,"Bitcoin Up or Down - March 19, 5:50PM-5:55PM ET"
2026-03-19 21:53:13.000,BUY,Up,0.45,11.81624,0,"Bitcoin Up or Down - March 19, 5:50PM-5:55PM ET"
2026-03-19 21:53:13.000,SELL,Down,0.54,12,0,"Bitcoin Up or Down - March 19, 5:50PM-5:55PM ET"
2026-03-19 21:53:13.000,BUY,Up,0.44,18.71162,0,"Bitcoin Up or Down - March 19, 5:50PM-5:55PM ET"
2026-03-19 21:53:13.000,SELL,Up,0.42,15,0,"Bitcoin Up or Down - March 19, 5:50PM-5:55PM ET"
2026-03-19 21:53:13.000,SELL,Up,0.42,13,0,"Bitcoin Up or Down - March 19, 5:50PM-5:55PM ET"
2026-03-19 21:53:11.000,BUY,Up,0.4725,11.81364,0,"Bitcoin Up or Down - March 19, 5:50PM-5:55PM ET"
2026-03-19 21:53:11.000,SELL,Up,0.42,12,0,"Bitcoin Up or Down - March 19, 5:50PM-5:55PM ET"
2026-03-19 21:53:09.000,SELL,Up,0.43,16,0,"Bitcoin Up or Down - March 19, 5:50PM-5:55PM ET"
2026-03-19 21:53:09.000,SELL,Up,0.43,13,0,"Bitcoin Up or Down - March 19, 5:50PM-5:55PM ET"
2026-03-19 21:53:07.000,SELL,Down,0.45,39,0,"Bitcoin Up or Down - March 19, 5:50PM-5:55PM ET"
2026-03-19 21:53:07.000,SELL,Up,0.4882625,24,0,"Bitcoin Up or Down - March 19, 5:50PM-5:55PM ET"
2026-03-19 21:53:05.000,BUY,Up,0.4651,46.27277,0,"Bitcoin Up or Down - March 19, 5:50PM-5:55PM ET"
2026-03-19 21:52:53.000,SELL,Up,0.441796,25,0,"Bitcoin Up or Down - March 19, 5:50PM-5:55PM ET"
2026-03-19 21:52:53.000,SELL,Up,0.43,12,0,"Bitcoin Up or Down - March 19, 5:50PM-5:55PM ET"
2026-03-19 21:52:51.000,SELL,Up,0.46,19,0,"Bitcoin Up or Down - March 19, 5:50PM-5:55PM ET"
2026-03-19 21:52:51.000,SELL,Up,0.46,12,0,"Bitcoin Up or Down - March 19, 5:50PM-5:55PM ET"
2026-03-19 21:52:45.000,SELL,Down,0.45,48,0,"Bitcoin Up or Down - March 19, 5:50PM-5:55PM ET"
2026-03-19 21:52:45.000,SELL,Up,0.49,22,0,"Bitcoin Up or Down - March 19, 5:50PM-5:55PM ET"
2026-03-19 21:52:45.000,SELL,Down,0.46,26,0,"Bitcoin Up or Down - March 19, 5:50PM-5:55PM ET"
2026-03-19 21:52:41.000,SELL,Up,0.42,14,0,"Bitcoin Up or Down - March 19, 5:50PM-5:55PM ET"
2026-03-19 21:52:41.000,SELL,Up,0.42,15,0,"Bitcoin Up or Down - March 19, 5:50PM-5:55PM ET"
2026-03-19 21:52:37.000,BUY,Down,0.47,11.81385,0,"Bitcoin Up or Down - March 19, 5:50PM-5:55PM ET"
2026-03-19 21:52:37.000,SELL,Up,0.48,16,0,"Bitcoin Up or Down - March 19, 5:50PM-5:55PM ET"
2026-03-19 21:52:37.000,BUY,Down,0.48,21.65735,0,"Bitcoin Up or Down - March 19, 5:50PM-5:55PM ET"
2026-03-19 21:52:35.000,BUY,Down,0.39,11.83022,0,"Bitcoin Up or Down - March 19, 5:50PM-5:55PM ET"
2026-03-19 21:52:35.000,BUY,Down,0.43,13.78975,0,"Bitcoin Up or Down - March 19, 5:50PM-5:55PM ET"
2026-03-19 21:52:33.000,SELL,Down,0.31,14,0,"Bitcoin Up or Down - March 19, 5:50PM-5:55PM ET"
2026-03-19 21:52:29.000,SELL,Down,0.34,12,0,"Bitcoin Up or Down - March 19, 5:50PM-5:55PM ET"
2026-03-19 21:52:25.000,,,0,6.18265,0,"Bitcoin Up or Down - March 19, 5:35PM-5:40PM ET"
2026-03-19 21:52:21.000,BUY,Down,0.43,11.81978,0,"Bitcoin Up or Down - March 19, 5:50PM-5:55PM ET"
2026-03-19 21:52:21.000,BUY,Down,0.4058333333333333,11.82557,0,"Bitcoin Up or Down - March 19, 5:50PM-5:55PM ET"
2026-03-19 21:52:11.000,SELL,Down,0.34,13,0,"Bitcoin Up or Down - March 19, 5:50PM-5:55PM ET"
2026-03-19 21:52:05.000,BUY,Down,0.39,11.83022,0,"Bitcoin Up or Down - March 19, 5:50PM-5:55PM ET"
2026-03-19 21:52:05.000,BUY,Down,0.38,12.81961,0,"Bitcoin Up or Down - March 19, 5:50PM-5:55PM ET"
2026-03-19 21:51:51.000,SELL,Down,0.35,13,0,"Bitcoin Up or Down - March 19, 5:50PM-5:55PM ET"
2026-03-19 21:51:49.000,SELL,Down,0.35,14,0,"Bitcoin Up or Down - March 19, 5:50PM-5:55PM ET"
2026-03-19 21:51:49.000,SELL,Down,0.35,13,0,"Bitcoin Up or Down - March 19, 5:50PM-5:55PM ET"
2026-03-19 21:51:45.000,BUY,Down,0.45,11.81624,0,"Bitcoin Up or Down - March 19, 5:50PM-5:55PM ET"
2026-03-19 21:51:27.000,SELL,Down,0.37,12,0,"Bitcoin Up or Down - March 19, 5:50PM-5:55PM ET"
2026-03-19 21:51:13.000,SELL,Down,0.44,12,0,"Bitcoin Up or Down - March 19, 5:50PM-5:55PM ET"
2026-03-19 21:51:13.000,SELL,Down,0.4,13,0,"Bitcoin Up or Down - March 19, 5:50PM-5:55PM ET"
2026-03-19 21:51:13.000,SELL,Down,0.38,12,0,"Bitcoin Up or Down - March 19, 5:50PM-5:55PM ET"
2026-03-19 21:51:13.000,SELL,Down,0.38,12,0,"Bitcoin Up or Down - March 19, 5:50PM-5:55PM ET"
2026-03-19 21:51:11.000,BUY,Up,0.52,12.79753,0,"Bitcoin Up or Down - March 19, 5:50PM-5:55PM ET"
2026-03-19 21:51:09.000,BUY,Up,0.5,12.79688,0,"Bitcoin Up or Down - March 19, 5:50PM-5:55PM ET"
2026-03-19 21:51:09.000,BUY,Up,0.48,11.8131,0,"Bitcoin Up or Down - March 19, 5:50PM-5:55PM ET"
2026-03-19 21:51:03.000,BUY,Up,0.40573333333333333,29.56399,0,"Bitcoin Up or Down - March 19, 5:50PM-5:55PM ET"
2026-03-19 21:51:03.000,SELL,Up,0.4,12,0,"Bitcoin Up or Down - March 19, 5:50PM-5:55PM ET"
2026-03-19 21:51:03.000,SELL,Up,0.4,12,0,"Bitcoin Up or Down - March 19, 5:50PM-5:55PM ET"
2026-03-19 21:50:45.000,BUY,Down,0.48,13.78195,0,"Bitcoin Up or Down - March 19, 5:50PM-5:55PM ET"
2026-03-19 21:50:45.000,SELL,Up,0.5,18,0,"Bitcoin Up or Down - March 19, 5:50PM-5:55PM ET"
2026-03-19 21:50:45.000,SELL,Up,0.5,12,0,"Bitcoin Up or Down - March 19, 5:50PM-5:55PM ET"
2026-03-19 21:50:43.000,BUY,Down,0.48,12.79753,0,"Bitcoin Up or Down - March 19, 5:50PM-5:55PM ET"
2026-03-19 21:50:43.000,BUY,Down,0.47,11.81385,0,"Bitcoin Up or Down - March 19, 5:50PM-5:55PM ET"
2026-03-19 21:50:43.000,BUY,Down,0.44,11.81787,0,"Bitcoin Up or Down - March 19, 5:50PM-5:55PM ET"
2026-03-19 21:50:43.000,BUY,Down,0.43,13.78975,0,"Bitcoin Up or Down - March 19, 5:50PM-5:55PM ET"
2026-03-19 21:50:41.000,SELL,Down,0.41,14,0,"Bitcoin Up or Down - March 19, 5:50PM-5:55PM ET"
2026-03-19 21:50:39.000,SELL,Down,0.4,13,0,"Bitcoin Up or Down - March 19, 5:50PM-5:55PM ET"
2026-03-19 21:50:37.000,BUY,Up,0.59,11.82446,0,"Bitcoin Up or Down - March 19, 5:50PM-5:55PM ET"
2026-03-19 21:50:37.000,SELL,Down,0.37,18,0,"Bitcoin Up or Down - March 19, 5:50PM-5:55PM ET"
2026-03-19 21:50:35.000,SELL,Down,0.4,40,0,"Bitcoin Up or Down - March 19, 5:50PM-5:55PM ET"
2026-03-19 21:50:33.000,BUY,Up,0.5,24.60938,0,"Bitcoin Up or Down - March 19, 5:50PM-5:55PM ET"
2026-03-19 21:50:31.000,SELL,Up,0.44,17,0,"Bitcoin Up or Down - March 19, 5:50PM-5:55PM ET"
2026-03-19 21:50:31.000,SELL,Up,0.41,21,0,"Bitcoin Up or Down - March 19, 5:50PM-5:55PM ET"
2026-03-19 21:50:19.000,,,0,123.51112,0,"Bitcoin Up or Down - March 19, 5:40PM-5:45PM ET"
2026-03-19 21:50:11.000,,,0.5,700,0,"Bitcoin Up or Down - March 19, 6:00PM-6:05PM ET"
2026-03-19 21:50:05.000,SELL,Up,0.46,20,0,"Bitcoin Up or Down - March 19, 5:50PM-5:55PM ET"
2026-03-19 21:50:05.000,SELL,Up,0.48833333333333334,12,0,"Bitcoin Up or Down - March 19, 5:50PM-5:55PM ET"
2026-03-19 21:50:05.000,SELL,Up,0.5,12,0,"Bitcoin Up or Down - March 19, 5:50PM-5:55PM ET"
2026-03-19 21:50:05.000,SELL,Up,0.5,5,0,"Bitcoin Up or Down - March 19, 5:50PM-5:55PM ET"
2026-03-19 21:49:43.000,BUY,Up,0.02,11.99885,0,"Bitcoin Up or Down - March 19, 5:45PM-5:50PM ET"
2026-03-19 21:49:41.000,BUY,Up,0.02,11.99885,0,"Bitcoin Up or Down - March 19, 5:45PM-5:50PM ET"
2026-03-19 21:49:33.000,BUY,Up,0.026875,15.99727,0,"Bitcoin Up or Down - March 19, 5:45PM-5:50PM ET"
2026-03-19 21:49:31.000,BUY,Up,0.03,11.99746,0,"Bitcoin Up or Down - March 19, 5:45PM-5:50PM ET"
2026-03-19 21:49:31.000,BUY,Up,0.02,15.99847,0,"Bitcoin Up or Down - March 19, 5:45PM-5:50PM ET"
2026-03-19 21:49:31.000,SELL,Up,0.02,12,0,"Bitcoin Up or Down - March 19, 5:45PM-5:50PM ET"
2026-03-19 21:49:31.000,BUY,Up,0.03,13.99704,0,"Bitcoin Up or Down - March 19, 5:45PM-5:50PM ET"
2026-03-19 21:49:31.000,SELL,Up,0.02,15,0,"Bitcoin Up or Down - March 19, 5:45PM-5:50PM ET"
2026-03-19 21:49:17.000,SELL,Up,0.03,12,0,"Bitcoin Up or Down - March 19, 5:45PM-5:50PM ET"
2026-03-19 21:49:17.000,SELL,Up,0.03,12,0,"Bitcoin Up or Down - March 19, 5:45PM-5:50PM ET"
2026-03-19 21:49:11.000,SELL,Up,0.04,12,0,"Bitcoin Up or Down - March 19, 5:45PM-5:50PM ET"
2026-03-19 21:49:09.000,SELL,Up,0.09,16,0,"Bitcoin Up or Down - March 19, 5:45PM-5:50PM ET"
2026-03-19 21:49:07.000,SELL,Up,0.1,12,0,"Bitcoin Up or Down - March 19, 5:45PM-5:50PM ET"
2026-03-19 21:49:07.000,BUY,Up,0.13,43.8593,0,"Bitcoin Up or Down - March 19, 5:45PM-5:50PM ET"
2026-03-19 21:48:59.000,SELL,Up,0.16,12,0,"Bitcoin Up or Down - March 19, 5:45PM-5:50PM ET"
2026-03-19 21:48:59.000,SELL,Up,0.16,15,0,"Bitcoin Up or Down - March 19, 5:45PM-5:50PM ET"
2026-03-19 21:48:59.000,SELL,Up,0.1,15,0,"Bitcoin Up or Down - March 19, 5:45PM-5:50PM ET"
2026-03-19 21:48:59.000,BUY,Up,0.24,11.9002,0,"Bitcoin Up or Down - March 19, 5:45PM-5:50PM ET"
2026-03-19 21:48:57.000,SELL,Up,0.09344827586206897,29,0,"Bitcoin Up or Down - March 19, 5:45PM-5:50PM ET"
2026-03-19 21:48:55.000,BUY,Up,0.22,11.91167,0,"Bitcoin Up or Down - March 19, 5:45PM-5:50PM ET"
2026-03-19 21:48:55.000,BUY,Up,0.14,23.91303,0,"Bitcoin Up or Down - March 19, 5:45PM-5:50PM ET"
2026-03-19 21:48:53.000,BUY,Up,0.11,43.89458,0,"Bitcoin Up or Down - March 19, 5:45PM-5:50PM ET"
2026-03-19 21:48:51.000,SELL,Up,0.04,12,0,"Bitcoin Up or Down - March 19, 5:45PM-5:50PM ET"
2026-03-19 21:48:49.000,SELL,Up,0.06,14,0,"Bitcoin Up or Down - March 19, 5:45PM-5:50PM ET"
2026-03-19 21:48:49.000,SELL,Up,0.07,12,0,"Bitcoin Up or Down - March 19, 5:45PM-5:50PM ET"
2026-03-19 21:48:43.000,SELL,Up,0.12,14,0,"Bitcoin Up or Down - March 19, 5:45PM-5:50PM ET"
2026-03-19 21:48:37.000,SELL,Up,0.16,15,0,"Bitcoin Up or Down - March 19, 5:45PM-5:50PM ET"
2026-03-19 21:48:37.000,SELL,Up,0.17,15,0,"Bitcoin Up or Down - March 19, 5:45PM-5:50PM ET"
2026-03-19 21:48:35.000,SELL,Up,0.21,15,0,"Bitcoin Up or Down - March 19, 5:45PM-5:50PM ET"
2026-03-19 21:48:35.000,SELL,Up,0.2,12,0,"Bitcoin Up or Down - March 19, 5:45PM-5:50PM ET"
2026-03-19 21:48:35.000,SELL,Up,0.21,13,0,"Bitcoin Up or Down - March 19, 5:45PM-5:50PM ET"
2026-03-19 21:48:07.000,SELL,Up,0.31,12,0,"Bitcoin Up or Down - March 19, 5:45PM-5:50PM ET"
2026-03-19 21:48:07.000,SELL,Up,0.34,14,0,"Bitcoin Up or Down - March 19, 5:45PM-5:50PM ET"
2026-03-19 21:47:45.000,BUY,Up,0.44,12.80269,0,"Bitcoin Up or Down - March 19, 5:45PM-5:50PM ET"
2026-03-19 21:47:41.000,BUY,Up,0.43,11.81978,0,"Bitcoin Up or Down - March 19, 5:45PM-5:50PM ET"
2026-03-19 21:47:33.000,BUY,Up,0.42,11.82198,0,"Bitcoin Up or Down - March 19, 5:45PM-5:50PM ET"
2026-03-19 21:47:27.000,BUY,Up,0.42,11.82198,0,"Bitcoin Up or Down - March 19, 5:45PM-5:50PM ET"
2026-03-19 21:47:25.000,BUY,Up,0.38,12.81961,0,"Bitcoin Up or Down - March 19, 5:45PM-5:50PM ET"
2026-03-19 21:47:25.000,BUY,Up,0.34602307692307693,12.83358,0,"Bitcoin Up or Down - March 19, 5:45PM-5:50PM ET"
2026-03-19 21:47:25.000,BUY,Up,0.36,11.84075,0,"Bitcoin Up or Down - March 19, 5:45PM-5:50PM ET"
2026-03-19 21:47:25.000,BUY,Up,0.31,11.86275,0,"Bitcoin Up or Down - March 19, 5:45PM-5:50PM ET"
2026-03-19 21:47:25.000,BUY,Up,0.24,11.9002,0,"Bitcoin Up or Down - March 19, 5:45PM-5:50PM ET"
2026-03-19 21:47:21.000,SELL,Up,0.22,13,0,"Bitcoin Up or Down - March 19, 5:45PM-5:50PM ET"
2026-03-19 21:47:15.000,SELL,Up,0.24,12,0,"Bitcoin Up or Down - March 19, 5:45PM-5:50PM ET"
2026-03-19 21:47:13.000,SELL,Up,0.25,14,0,"Bitcoin Up or Down - March 19, 5:45PM-5:50PM ET"
2026-03-19 21:47:11.000,SELL,Up,0.27,15,0,"Bitcoin Up or Down - March 19, 5:45PM-5:50PM ET"
2026-03-19 21:46:59.000,SELL,Up,0.31,12,0,"Bitcoin Up or Down - March 19, 5:45PM-5:50PM ET"
2026-03-19 21:46:33.000,BUY,Up,0.38,11.83348,0,"Bitcoin Up or Down - March 19, 5:45PM-5:50PM ET"
2026-03-19 21:46:29.000,,,0,508.1417,0,"Bitcoin Up or Down - March 19, 5:40PM-5:45PM ET"
2026-03-19 21:46:25.000,BUY,Up,0.35425384615384614,12.82993,0,"Bitcoin Up or Down - March 19, 5:45PM-5:50PM ET"
2026-03-19 21:46:21.000,SELL,Up,0.31,12,0,"Bitcoin Up or Down - March 19, 5:45PM-5:50PM ET"
2026-03-19 21:46:21.000,SELL,Up,0.31,17,0,"Bitcoin Up or Down - March 19, 5:45PM-5:50PM ET"
2026-03-19 21:46:03.000,BUY,Up,0.38,11.83348,0,"Bitcoin Up or Down - March 19, 5:45PM-5:50PM ET"
2026-03-19 21:46:03.000,BUY,Up,0.4,19.712,0,"Bitcoin Up or Down - March 19, 5:45PM-5:50PM ET"
2026-03-19 21:46:03.000,BUY,Up,0.4,11.8272,0,"Bitcoin Up or Down - March 19, 5:45PM-5:50PM ET"
2026-03-19 21:46:01.000,BUY,Up,0.3,11.8677,0,"Bitcoin Up or Down - March 19, 5:45PM-5:50PM ET"
2026-03-19 21:45:59.000,BUY,Up,0.3,11.8677,0,"Bitcoin Up or Down - March 19, 5:45PM-5:50PM ET"
2026-03-19 21:45:57.000,SELL,Up,0.28,13,0,"Bitcoin Up or Down - March 19, 5:45PM-5:50PM ET"
2026-03-19 21:45:57.000,SELL,Up,0.27379166666666666,12,0,"Bitcoin Up or Down - March 19, 5:45PM-5:50PM ET"
2026-03-19 21:45:55.000,SELL,Up,0.29,12,0,"Bitcoin Up or Down - March 19, 5:45PM-5:50PM ET"
2026-03-19 21:45:53.000,SELL,Up,0.35,12,0,"Bitcoin Up or Down - March 19, 5:45PM-5:50PM ET"
2026-03-19 21:45:53.000,SELL,Up,0.35,12,0,"Bitcoin Up or Down - March 19, 5:45PM-5:50PM ET"
2026-03-19 21:45:51.000,,,0.5,700,0,"Bitcoin Up or Down - March 19, 5:55PM-6:00PM ET"
2026-03-19 21:45:33.000,SELL,Up,0.38,12,0,"Bitcoin Up or Down - March 19, 5:45PM-5:50PM ET"
2026-03-19 21:45:25.000,SELL,Up,0.4,12,0,"Bitcoin Up or Down - March 19, 5:45PM-5:50PM ET"
2026-03-19 21:45:21.000,SELL,Up,0.39,12,0,"Bitcoin Up or Down - March 19, 5:45PM-5:50PM ET"
2026-03-19 21:45:17.000,SELL,Up,0.42,12,0,"Bitcoin Up or Down - March 19, 5:45PM-5:50PM ET"
2026-03-19 21:45:13.000,SELL,Up,0.44,15,0,"Bitcoin Up or Down - March 19, 5:45PM-5:50PM ET"
2026-03-19 21:45:07.000,SELL,Up,0.48,15,0,"Bitcoin Up or Down - March 19, 5:45PM-5:50PM ET"
2026-03-19 21:45:05.000,SELL,Up,0.49,5,0,"Bitcoin Up or Down - March 19, 5:45PM-5:50PM ET"
2026-03-19 21:44:55.000,BUY,Up,0.06,17.98569,0,"Bitcoin Up or Down - March 19, 5:40PM-5:45PM ET"
2026-03-19 21:44:53.000,BUY,Up,0.04,14.99448,0,"Bitcoin Up or Down - March 19, 5:40PM-5:45PM ET"
2026-03-19 21:44:45.000,SELL,Up,0.04,12,0,"Bitcoin Up or Down - March 19, 5:40PM-5:45PM ET"
2026-03-19 21:44:45.000,SELL,Up,0.09243846153846154,13,0,"Bitcoin Up or Down - March 19, 5:40PM-5:45PM ET"
2026-03-19 21:44:45.000,SELL,Up,0.04,12,0,"Bitcoin Up or Down - March 19, 5:40PM-5:45PM ET"
2026-03-19 21:44:45.000,SELL,Up,0.1,12,0,"Bitcoin Up or Down - March 19, 5:40PM-5:45PM ET"
2026-03-19 21:44:45.000,SELL,Up,0.1,12,0,"Bitcoin Up or Down - March 19, 5:40PM-5:45PM ET"
2026-03-19 21:44:35.000,SELL,Up,0.32,12,0,"Bitcoin Up or Down - March 19, 5:40PM-5:45PM ET"
2026-03-19 21:44:27.000,,,0,672.67852,0,"Bitcoin Up or Down - March 19, 5:35PM-5:40PM ET"
2026-03-19 21:44:23.000,BUY,Up,0.47,11.81385,0,"Bitcoin Up or Down - March 19, 5:40PM-5:45PM ET"
2026-03-19 21:44:17.000,BUY,Up,0.39,11.83022,0,"Bitcoin Up or Down - March 19, 5:40PM-5:45PM ET"
2026-03-19 21:44:17.000,BUY,Up,0.3616666666666667,11.84011,0,"Bitcoin Up or Down - March 19, 5:40PM-5:45PM ET"
2026-03-19 21:44:11.000,SELL,Up,0.29,12,0,"Bitcoin Up or Down - March 19, 5:40PM-5:45PM ET"
2026-03-19 21:44:11.000,SELL,Up,0.29,15,0,"Bitcoin Up or Down - March 19, 5:40PM-5:45PM ET"
2026-03-19 21:44:07.000,BUY,Up,0.43,16.74469,0,"Bitcoin Up or Down - March 19, 5:40PM-5:45PM ET"
2026-03-19 21:44:05.000,BUY,Up,0.33,11.85335,0,"Bitcoin Up or Down - March 19, 5:40PM-5:45PM ET"
2026-03-19 21:44:05.000,BUY,Up,0.36,17.76113,0,"Bitcoin Up or Down - March 19, 5:40PM-5:45PM ET"
2026-03-19 21:44:01.000,BUY,Up,0.29,12.86222,0,"Bitcoin Up or Down - March 19, 5:40PM-5:45PM ET"
2026-03-19 21:44:01.000,BUY,Up,0.22,13.89694,0,"Bitcoin Up or Down - March 19, 5:40PM-5:45PM ET"
2026-03-19 21:44:01.000,BUY,Up,0.22,13.89694,0,"Bitcoin Up or Down - March 19, 5:40PM-5:45PM ET"
2026-03-19 21:44:01.000,BUY,Up,0.19,11.92895,0,"Bitcoin Up or Down - March 19, 5:40PM-5:45PM ET"
2026-03-19 21:43:59.000,SELL,Up,0.15,13,0,"Bitcoin Up or Down - March 19, 5:40PM-5:45PM ET"
2026-03-19 21:43:57.000,SELL,Up,0.15,14,0,"Bitcoin Up or Down - March 19, 5:40PM-5:45PM ET"
2026-03-19 21:43:55.000,SELL,Up,0.18,13,0,"Bitcoin Up or Down - March 19, 5:40PM-5:45PM ET"
2026-03-19 21:43:53.000,SELL,Up,0.18,14,0,"Bitcoin Up or Down - March 19, 5:40PM-5:45PM ET"
2026-03-19 21:43:53.000,SELL,Up,0.18,13,0,"Bitcoin Up or Down - March 19, 5:40PM-5:45PM ET"
2026-03-19 21:43:49.000,SELL,Up,0.29,12,0,"Bitcoin Up or Down - March 19, 5:40PM-5:45PM ET"
2026-03-19 21:43:49.000,SELL,Up,0.26,17,0,"Bitcoin Up or Down - March 19, 5:40PM-5:45PM ET"
2026-03-19 21:43:47.000,SELL,Up,0.35,12,0,"Bitcoin Up or Down - March 19, 5:40PM-5:45PM ET"
2026-03-19 21:43:47.000,SELL,Up,0.39,12,0,"Bitcoin Up or Down - March 19, 5:40PM-5:45PM ET"
2026-03-19 21:43:47.000,SELL,Up,0.43,12,0,"Bitcoin Up or Down - March 19, 5:40PM-5:45PM ET"
2026-03-19 21:43:47.000,SELL,Down,0.48,14,0,"Bitcoin Up or Down - March 19, 5:40PM-5:45PM ET"
2026-03-19 21:43:45.000,BUY,Up,0.53,14.76731,0,"Bitcoin Up or Down - March 19, 5:40PM-5:45PM ET"
2026-03-19 21:43:41.000,BUY,Up,0.43098333333333333,11.81958,0,"Bitcoin Up or Down - March 19, 5:40PM-5:45PM ET"
2026-03-19 21:43:39.000,BUY,Up,0.33,11.85335,0,"Bitcoin Up or Down - March 19, 5:40PM-5:45PM ET"
2026-03-19 21:43:39.000,BUY,Up,0.36,13.81421,0,"Bitcoin Up or Down - March 19, 5:40PM-5:45PM ET"
2026-03-19 21:43:39.000,BUY,Up,0.3453583333333333,11.84666,0,"Bitcoin Up or Down - March 19, 5:40PM-5:45PM ET"
2026-03-19 21:43:37.000,BUY,Up,0.28,11.87808,0,"Bitcoin Up or Down - March 19, 5:40PM-5:45PM ET"
2026-03-19 21:43:35.000,SELL,Up,0.21,13,0,"Bitcoin Up or Down - March 19, 5:40PM-5:45PM ET"
2026-03-19 21:43:33.000,SELL,Up,0.24,14,0,"Bitcoin Up or Down - March 19, 5:40PM-5:45PM ET"
2026-03-19 21:43:33.000,SELL,Up,0.26,15,0,"Bitcoin Up or Down - March 19, 5:40PM-5:45PM ET"
2026-03-19 21:43:31.000,SELL,Up,0.34,12,0,"Bitcoin Up or Down - March 19, 5:40PM-5:45PM ET"
2026-03-19 21:43:15.000,SELL,Up,0.33,12,0,"Bitcoin Up or Down - March 19, 5:40PM-5:45PM ET"
2026-03-19 21:42:59.000,SELL,Up,0.3755,12,0,"Bitcoin Up or Down - March 19, 5:40PM-5:45PM ET"
2026-03-19 21:42:59.000,SELL,Up,0.37,12,0,"Bitcoin Up or Down - March 19, 5:40PM-5:45PM ET"
2026-03-19 21:42:57.000,BUY,Down,0.55,12.80092,0,"Bitcoin Up or Down - March 19, 5:40PM-5:45PM ET"
2026-03-19 21:42:57.000,BUY,Down,0.5564266666666666,14.77156,0,"Bitcoin Up or Down - March 19, 5:40PM-5:45PM ET"
2026-03-19 21:42:45.000,SELL,Down,0.46,10,0,"Bitcoin Up or Down - March 19, 5:40PM-5:45PM ET"
2026-03-19 21:42:45.000,SELL,Down,0.41,9,0,"Bitcoin Up or Down - March 19, 5:40PM-5:45PM ET"
2026-03-19 21:42:45.000,SELL,Down,0.41,10,0,"Bitcoin Up or Down - March 19, 5:40PM-5:45PM ET"
2026-03-19 21:42:45.000,SELL,Down,0.4,9,0,"Bitcoin Up or Down - March 19, 5:40PM-5:45PM ET"
2026-03-19 21:42:43.000,BUY,Up,0.5,8.85938,0,"Bitcoin Up or Down - March 19, 5:40PM-5:45PM ET"
2026-03-19 21:42:41.000,BUY,Up,0.5,14.76563,0,"Bitcoin Up or Down - March 19, 5:40PM-5:45PM ET"
2026-03-19 21:42:39.000,SELL,Up,0.38,10,0,"Bitcoin Up or Down - March 19, 5:40PM-5:45PM ET"
2026-03-19 21:42:39.000,SELL,Up,0.42,9,0,"Bitcoin Up or Down - March 19, 5:40PM-5:45PM ET"
2026-03-19 21:42:39.000,SELL,Up,0.43,9,0,"Bitcoin Up or Down - March 19, 5:40PM-5:45PM ET"
2026-03-19 21:42:37.000,BUY,Down,0.57,8.86484,0,"Bitcoin Up or Down - March 19, 5:40PM-5:45PM ET"
2026-03-19 21:42:25.000,,,0,125.42116,0,"Bitcoin Up or Down - March 19, 5:25PM-5:30PM ET"
2026-03-19 21:42:21.000,BUY,Down,0.5,10.82813,0,"Bitcoin Up or Down - March 19, 5:40PM-5:45PM ET"
2026-03-19 21:42:21.000,BUY,Down,0.5,10.82813,0,"Bitcoin Up or Down - March 19, 5:40PM-5:45PM ET"
2026-03-19 21:42:19.000,BUY,Down,0.47,8.86039,0,"Bitcoin Up or Down - March 19, 5:40PM-5:45PM ET"
2026-03-19 21:41:57.000,BUY,Down,0.34,8.88671,0,"Bitcoin Up or Down - March 19, 5:40PM-5:45PM ET"
2026-03-19 21:41:57.000,BUY,Down,0.34,9.87412,0,"Bitcoin Up or Down - March 19, 5:40PM-5:45PM ET"
2026-03-19 21:41:57.000,BUY,Down,0.44,8.8634,0,"Bitcoin Up or Down - March 19, 5:40PM-5:45PM ET"
2026-03-19 21:41:57.000,BUY,Down,0.35,9.87061,0,"Bitcoin Up or Down - March 19, 5:40PM-5:45PM ET"
2026-03-19 21:41:57.000,BUY,Down,0.44,8.8634,0,"Bitcoin Up or Down - March 19, 5:40PM-5:45PM ET"
2026-03-19 21:41:57.000,BUY,Down,0.44,8.8634,0,"Bitcoin Up or Down - March 19, 5:40PM-5:45PM ET"
2026-03-19 21:41:55.000,BUY,Down,0.32,8.89347,0,"Bitcoin Up or Down - March 19, 5:40PM-5:45PM ET"
2026-03-19 21:41:53.000,SELL,Down,0.29,9,0,"Bitcoin Up or Down - March 19, 5:40PM-5:45PM ET"
2026-03-19 21:41:53.000,SELL,Down,0.29,9,0,"Bitcoin Up or Down - March 19, 5:40PM-5:45PM ET"
2026-03-19 21:41:53.000,SELL,Down,0.29,9,0,"Bitcoin Up or Down - March 19, 5:40PM-5:45PM ET"
2026-03-19 21:41:53.000,SELL,Down,0.29,28,0,"Bitcoin Up or Down - March 19, 5:40PM-5:45PM ET"
2026-03-19 21:41:51.000,SELL,Down,0.3,9,0,"Bitcoin Up or Down - March 19, 5:40PM-5:45PM ET"
2026-03-19 21:41:51.000,SELL,Down,0.35,9,0,"Bitcoin Up or Down - March 19, 5:40PM-5:45PM ET"
2026-03-19 21:41:51.000,SELL,Down,0.38,12,0,"Bitcoin Up or Down - March 19, 5:40PM-5:45PM ET"
2026-03-19 21:41:49.000,SELL,Down,0.41,9,0,"Bitcoin Up or Down - March 19, 5:40PM-5:45PM ET"
2026-03-19 21:41:41.000,SELL,Down,0.46,12,0,"Bitcoin Up or Down - March 19, 5:40PM-5:45PM ET"
2026-03-19 21:41:41.000,SELL,Down,0.47,10,0,"Bitcoin Up or Down - March 19, 5:40PM-5:45PM ET"
2026-03-19 21:41:41.000,BUY,Up,0.49,9.84388,0,"Bitcoin Up or Down - March 19, 5:40PM-5:45PM ET"
2026-03-19 21:41:39.000,BUY,Up,0.4,11.8272,0,"Bitcoin Up or Down - March 19, 5:40PM-5:45PM ET"
2026-03-19 21:41:39.000,BUY,Up,0.41,8.86834,0,"Bitcoin Up or Down - March 19, 5:40PM-5:45PM ET"
2026-03-19 21:41:39.000,BUY,Up,0.41,19.70743,0,"Bitcoin Up or Down - March 19, 5:40PM-5:45PM ET"
2026-03-19 21:41:39.000,BUY,Up,0.4,8.8704,0,"Bitcoin Up or Down - March 19, 5:40PM-5:45PM ET"
2026-03-19 21:41:39.000,BUY,Up,0.400725,11.827,0,"Bitcoin Up or Down - March 19, 5:40PM-5:45PM ET"
2026-03-19 21:41:37.000,SELL,Up,0.38,9,0,"Bitcoin Up or Down - March 19, 5:40PM-5:45PM ET"
2026-03-19 21:41:37.000,SELL,Up,0.35,9,0,"Bitcoin Up or Down - March 19, 5:40PM-5:45PM ET"
2026-03-19 21:41:37.000,SELL,Up,0.36,10,0,"Bitcoin Up or Down - March 19, 5:40PM-5:45PM ET"
2026-03-19 21:41:37.000,SELL,Up,0.36,11,0,"Bitcoin Up or Down - March 19, 5:40PM-5:45PM ET"
2026-03-19 21:41:37.000,SELL,Up,0.36,16,0,"Bitcoin Up or Down - March 19, 5:40PM-5:45PM ET"
2026-03-19 21:41:35.000,SELL,Up,0.38,16,0,"Bitcoin Up or Down - March 19, 5:40PM-5:45PM ET"
2026-03-19 21:41:35.000,SELL,Up,0.38,9,0,"Bitcoin Up or Down - March 19, 5:40PM-5:45PM ET"
2026-03-19 21:41:35.000,SELL,Up,0.42,10,0,"Bitcoin Up or Down - March 19, 5:40PM-5:45PM ET"
2026-03-19 21:41:33.000,BUY,Down,0.54,8.86117,0,"Bitcoin Up or Down - March 19, 5:40PM-5:45PM ET"
2026-03-19 21:41:31.000,BUY,Up,0.45,11.81624,0,"Bitcoin Up or Down - March 19, 5:40PM-5:45PM ET"
2026-03-19 21:41:31.000,BUY,Up,0.45,9.84686,0,"Bitcoin Up or Down - March 19, 5:40PM-5:45PM ET"
2026-03-19 21:41:31.000,SELL,Down,0.54,10,0,"Bitcoin Up or Down - March 19, 5:40PM-5:45PM ET"
2026-03-19 21:41:31.000,SELL,Down,0.54,10,0,"Bitcoin Up or Down - March 19, 5:40PM-5:45PM ET"
2026-03-19 21:41:31.000,SELL,Down,0.54,9,0,"Bitcoin Up or Down - March 19, 5:40PM-5:45PM ET"
2026-03-19 21:41:29.000,BUY,Up,0.42,10.83682,0,"Bitcoin Up or Down - March 19, 5:40PM-5:45PM ET"
2026-03-19 21:41:29.000,BUY,Up,0.41,8.86834,0,"Bitcoin Up or Down - March 19, 5:40PM-5:45PM ET"
2026-03-19 21:41:29.000,BUY,Up,0.41,8.86834,0,"Bitcoin Up or Down - March 19, 5:40PM-5:45PM ET"
2026-03-19 21:41:29.000,BUY,Up,0.43,11.81978,0,"Bitcoin Up or Down - March 19, 5:40PM-5:45PM ET"
2026-03-19 21:41:27.000,BUY,Up,0.27,12.87375,0,"Bitcoin Up or Down - March 19, 5:40PM-5:45PM ET"
2026-03-19 21:41:27.000,BUY,Up,0.33,8.89001,0,"Bitcoin Up or Down - March 19, 5:40PM-5:45PM ET"
2026-03-19 21:41:27.000,BUY,Up,0.37,9.86417,0,"Bitcoin Up or Down - March 19, 5:40PM-5:45PM ET"
2026-03-19 21:41:27.000,BUY,Up,0.34,10.86153,0,"Bitcoin Up or Down - March 19, 5:40PM-5:45PM ET"
2026-03-19 21:41:25.000,BUY,Up,0.31,8.89706,0,"Bitcoin Up or Down - March 19, 5:40PM-5:45PM ET"
2026-03-19 21:41:17.000,SELL,Up,0.25,9,0,"Bitcoin Up or Down - March 19, 5:40PM-5:45PM ET"
2026-03-19 21:41:17.000,SELL,Up,0.27,9,0,"Bitcoin Up or Down - March 19, 5:40PM-5:45PM ET"
2026-03-19 21:41:17.000,SELL,Up,0.25,10,0,"Bitcoin Up or Down - March 19, 5:40PM-5:45PM ET"
2026-03-19 21:41:17.000,SELL,Up,0.24,19,0,"Bitcoin Up or Down - March 19, 5:40PM-5:45PM ET"
2026-03-19 21:41:15.000,SELL,Up,0.25,28,0,"Bitcoin Up or Down - March 19, 5:40PM-5:45PM ET"
2026-03-19 21:41:11.000,SELL,Up,0.36,9,0,"Bitcoin Up or Down - March 19, 5:40PM-5:45PM ET"
2026-03-19 21:40:59.000,SELL,Up,0.38,9,0,"Bitcoin Up or Down - March 19, 5:40PM-5:45PM ET"
2026-03-19 21:40:53.000,SELL,Up,0.39,9,0,"Bitcoin Up or Down - March 19, 5:40PM-5:45PM ET"
2026-03-19 21:40:53.000,SELL,Up,0.42,16,0,"Bitcoin Up or Down - March 19, 5:40PM-5:45PM ET"
2026-03-19 21:40:49.000,BUY,Down,0.53,8.86039,0,"Bitcoin Up or Down - March 19, 5:40PM-5:45PM ET"
2026-03-19 21:40:49.000,BUY,Down,0.55,8.86218,0,"Bitcoin Up or Down - March 19, 5:40PM-5:45PM ET"
2026-03-19 21:40:49.000,SELL,Up,0.45,10,0,"Bitcoin Up or Down - March 19, 5:40PM-5:45PM ET"
2026-03-19 21:40:37.000,SELL,Down,0.45,11,0,"Bitcoin Up or Down - March 19, 5:40PM-5:45PM ET"
2026-03-19 21:40:35.000,SELL,Down,0.45,9,0,"Bitcoin Up or Down - March 19, 5:40PM-5:45PM ET"
2026-03-19 21:40:33.000,SELL,Down,0.47,9,0,"Bitcoin Up or Down - March 19, 5:40PM-5:45PM ET"
2026-03-19 21:40:31.000,BUY,Up,0.47,9.84488,0,"Bitcoin Up or Down - March 19, 5:40PM-5:45PM ET"
2026-03-19 21:40:31.000,BUY,Up,0.5,9.84375,0,"Bitcoin Up or Down - March 19, 5:40PM-5:45PM ET"
2026-03-19 21:40:31.000,BUY,Up,0.49,8.85949,0,"Bitcoin Up or Down - March 19, 5:40PM-5:45PM ET"
2026-03-19 21:40:29.000,,,0.5,700,0,"Bitcoin Up or Down - March 19, 5:50PM-5:55PM ET"
2026-03-19 21:40:27.000,BUY,Up,0.45,9.84686,0,"Bitcoin Up or Down - March 19, 5:40PM-5:45PM ET"
2026-03-19 21:40:27.000,BUY,Up,0.44,12.80269,0,"Bitcoin Up or Down - March 19, 5:40PM-5:45PM ET"
2026-03-19 21:40:25.000,BUY,Up,0.41,13.7952,0,"Bitcoin Up or Down - March 19, 5:40PM-5:45PM ET"
2026-03-19 21:40:25.000,BUY,Up,0.41,8.86834,0,"Bitcoin Up or Down - March 19, 5:40PM-5:45PM ET"
2026-03-19 21:40:23.000,BUY,Up,0.36,8.88057,0,"Bitcoin Up or Down - March 19, 5:40PM-5:45PM ET"
2026-03-19 21:40:19.000,SELL,Up,0.34,9,0,"Bitcoin Up or Down - March 19, 5:40PM-5:45PM ET"
2026-03-19 21:40:17.000,,,0,167.99663,0,"Bitcoin Up or Down - March 19, 5:30PM-5:35PM ET"
2026-03-19 21:40:15.000,SELL,Up,0.3,9,0,"Bitcoin Up or Down - March 19, 5:40PM-5:45PM ET"
2026-03-19 21:40:15.000,SELL,Up,0.35,14,0,"Bitcoin Up or Down - March 19, 5:40PM-5:45PM ET"
2026-03-19 21:40:11.000,SELL,Up,0.4021111111111111,9,0,"Bitcoin Up or Down - March 19, 5:40PM-5:45PM ET"
2026-03-19 21:40:11.000,SELL,Up,0.38,63,0,"Bitcoin Up or Down - March 19, 5:40PM-5:45PM ET"
2026-03-19 21:40:09.000,SELL,Up,0.46,54,0,"Bitcoin Up or Down - March 19, 5:40PM-5:45PM ET"
2026-03-19 21:39:55.000,BUY,Down,0.551575,11.81647,0,"Bitcoin Up or Down - March 19, 5:35PM-5:40PM ET"
2026-03-19 21:39:37.000,BUY,Down,0.43,10.8348,0,"Bitcoin Up or Down - March 19, 5:35PM-5:40PM ET"
2026-03-19 21:39:29.000,BUY,Down,0.37876666666666664,8.87543,0,"Bitcoin Up or Down - March 19, 5:35PM-5:40PM ET"
2026-03-19 21:39:29.000,BUY,Down,0.36,9.86729,0,"Bitcoin Up or Down - March 19, 5:35PM-5:40PM ET"
2026-03-19 21:39:29.000,BUY,Down,0.37,9.86417,0,"Bitcoin Up or Down - March 19, 5:35PM-5:40PM ET"
2026-03-19 21:39:21.000,BUY,Down,0.28,8.90856,0,"Bitcoin Up or Down - March 19, 5:35PM-5:40PM ET"
2026-03-19 21:39:21.000,BUY,Down,0.28,8.90856,0,"Bitcoin Up or Down - March 19, 5:35PM-5:40PM ET"
2026-03-19 21:39:19.000,BUY,Down,0.17,8.95521,0,"Bitcoin Up or Down - March 19, 5:35PM-5:40PM ET"
2026-03-19 21:39:05.000,SELL,Down,0.1628777777777778,9,0,"Bitcoin Up or Down - March 19, 5:35PM-5:40PM ET"
2026-03-19 21:39:05.000,SELL,Down,0.17,12,0,"Bitcoin Up or Down - March 19, 5:35PM-5:40PM ET"
2026-03-19 21:38:53.000,SELL,Down,0.25,24,0,"Bitcoin Up or Down - March 19, 5:35PM-5:40PM ET"
2026-03-19 21:38:43.000,SELL,Down,0.38,17,0,"Bitcoin Up or Down - March 19, 5:35PM-5:40PM ET"
2026-03-19 21:38:43.000,SELL,Down,0.37,10,0,"Bitcoin Up or Down - March 19, 5:35PM-5:40PM ET"
2026-03-19 21:38:17.000,BUY,Down,0.43,11.81978,0,"Bitcoin Up or Down - March 19, 5:35PM-5:40PM ET"
2026-03-19 21:38:15.000,BUY,Down,0.43,8.86484,0,"Bitcoin Up or Down - March 19, 5:35PM-5:40PM ET"
2026-03-19 21:38:15.000,BUY,Down,0.41,9.85372,0,"Bitcoin Up or Down - March 19, 5:35PM-5:40PM ET"
2026-03-19 21:38:15.000,BUY,Down,0.41,8.86834,0,"Bitcoin Up or Down - March 19, 5:35PM-5:40PM ET"
2026-03-19 21:38:11.000,BUY,Down,0.39,8.87266,0,"Bitcoin Up or Down - March 19, 5:35PM-5:40PM ET"
2026-03-19 21:38:11.000,BUY,Down,0.38,8.87511,0,"Bitcoin Up or Down - March 19, 5:35PM-5:40PM ET"
2026-03-19 21:38:11.000,BUY,Down,0.38,9.86124,0,"Bitcoin Up or Down - March 19, 5:35PM-5:40PM ET"
2026-03-19 21:38:09.000,SELL,Down,0.29,9,0,"Bitcoin Up or Down - March 19, 5:35PM-5:40PM ET"
2026-03-19 21:38:09.000,SELL,Down,0.29,12,0,"Bitcoin Up or Down - March 19, 5:35PM-5:40PM ET"
2026-03-19 21:38:09.000,SELL,Down,0.29,12,0,"Bitcoin Up or Down - March 19, 5:35PM-5:40PM ET"
2026-03-19 21:38:07.000,SELL,Down,0.36,10,0,"Bitcoin Up or Down - March 19, 5:35PM-5:40PM ET"
2026-03-19 21:38:05.000,SELL,Down,0.36,9,0,"Bitcoin Up or Down - March 19, 5:35PM-5:40PM ET"
2026-03-19 21:38:03.000,SELL,Down,0.44,9,0,"Bitcoin Up or Down - March 19, 5:35PM-5:40PM ET"
2026-03-19 21:38:03.000,SELL,Down,0.44,9,0,"Bitcoin Up or Down - March 19, 5:35PM-5:40PM ET"
2026-03-19 21:38:03.000,SELL,Down,0.41,10,0,"Bitcoin Up or Down - March 19, 5:35PM-5:40PM ET"
2026-03-19 21:38:01.000,SELL,Down,0.45,9,0,"Bitcoin Up or Down - March 19, 5:35PM-5:40PM ET"
2026-03-19 21:38:01.000,BUY,Up,0.54,8.86117,0,"Bitcoin Up or Down - March 19, 5:35PM-5:40PM ET"
2026-03-19 21:37:57.000,SELL,Up,0.45,10,0,"Bitcoin Up or Down - March 19, 5:35PM-5:40PM ET"
2026-03-19 21:37:57.000,SELL,Up,0.45,15,0,"Bitcoin Up or Down - March 19, 5:35PM-5:40PM ET"
2026-03-19 21:37:53.000,BUY,Down,0.52,9.84425,0,"Bitcoin Up or Down - March 19, 5:35PM-5:40PM ET"
2026-03-19 21:37:53.000,BUY,Down,0.52,8.85983,0,"Bitcoin Up or Down - March 19, 5:35PM-5:40PM ET"
2026-03-19 21:37:53.000,BUY,Down,0.48,8.85983,0,"Bitcoin Up or Down - March 19, 5:35PM-5:40PM ET"
2026-03-19 21:37:13.000,BUY,Down,0.45,25.60184,0,"Bitcoin Up or Down - March 19, 5:35PM-5:40PM ET"
2026-03-19 21:37:11.000,BUY,Down,0.39,9.85851,0,"Bitcoin Up or Down - March 19, 5:35PM-5:40PM ET"
2026-03-19 21:37:09.000,BUY,Down,0.3711846153846154,12.82295,0,"Bitcoin Up or Down - March 19, 5:35PM-5:40PM ET"
2026-03-19 21:37:07.000,BUY,Down,0.3,9.88975,0,"Bitcoin Up or Down - March 19, 5:35PM-5:40PM ET"
2026-03-19 21:37:07.000,BUY,Down,0.3,8.90078,0,"Bitcoin Up or Down - March 19, 5:35PM-5:40PM ET"
2026-03-19 21:37:07.000,BUY,Down,0.32,9.88163,0,"Bitcoin Up or Down - March 19, 5:35PM-5:40PM ET"
2026-03-19 21:37:07.000,BUY,Down,0.32,8.89347,0,"Bitcoin Up or Down - March 19, 5:35PM-5:40PM ET"
2026-03-19 21:37:05.000,BUY,Down,0.29,8.90462,0,"Bitcoin Up or Down - March 19, 5:35PM-5:40PM ET"
2026-03-19 21:37:03.000,BUY,Down,0.27,8.9126,0,"Bitcoin Up or Down - March 19, 5:35PM-5:40PM ET"
2026-03-19 21:37:03.000,BUY,Down,0.27,9.90288,0,"Bitcoin Up or Down - March 19, 5:35PM-5:40PM ET"
2026-03-19 21:37:03.000,BUY,Down,0.25,8.9209,0,"Bitcoin Up or Down - March 19, 5:35PM-5:40PM ET"
2026-03-19 21:37:03.000,BUY,Down,0.25,8.9209,0,"Bitcoin Up or Down - March 19, 5:35PM-5:40PM ET"
2026-03-19 21:36:43.000,SELL,Down,0.19,9,0,"Bitcoin Up or Down - March 19, 5:35PM-5:40PM ET"
2026-03-19 21:36:31.000,,,0,515.93907,0,"Bitcoin Up or Down - March 19, 5:30PM-5:35PM ET"
2026-03-19 21:36:21.000,SELL,Down,0.21,11,0,"Bitcoin Up or Down - March 19, 5:35PM-5:40PM ET"
2026-03-19 21:36:21.000,SELL,Down,0.24,9,0,"Bitcoin Up or Down - March 19, 5:35PM-5:40PM ET"
2026-03-19 21:36:21.000,SELL,Down,0.25,11,0,"Bitcoin Up or Down - March 19, 5:35PM-5:40PM ET"
2026-03-19 21:36:11.000,SELL,Down,0.28,12,0,"Bitcoin Up or Down - March 19, 5:35PM-5:40PM ET"
2026-03-19 21:36:11.000,SELL,Down,0.28,12,0,"Bitcoin Up or Down - March 19, 5:35PM-5:40PM ET"
2026-03-19 21:36:05.000,BUY,Down,0.34,9.87412,0,"Bitcoin Up or Down - March 19, 5:35PM-5:40PM ET"
2026-03-19 21:36:03.000,SELL,Down,0.33,9,0,"Bitcoin Up or Down - March 19, 5:35PM-5:40PM ET"
2026-03-19 21:36:03.000,BUY,Down,0.33,8.89001,0,"Bitcoin Up or Down - March 19, 5:35PM-5:40PM ET"
2026-03-19 21:36:03.000,BUY,Down,0.32,8.89347,0,"Bitcoin Up or Down - March 19, 5:35PM-5:40PM ET"
2026-03-19 21:35:39.000,SELL,Down,0.29,9,0,"Bitcoin Up or Down - March 19, 5:35PM-5:40PM ET"
2026-03-19 21:35:39.000,SELL,Down,0.29,10,0,"Bitcoin Up or Down - March 19, 5:35PM-5:40PM ET"
2026-03-19 21:35:37.000,SELL,Down,0.37,9,0,"Bitcoin Up or Down - March 19, 5:35PM-5:40PM ET"
2026-03-19 21:35:37.000,SELL,Down,0.32,10,0,"Bitcoin Up or Down - March 19, 5:35PM-5:40PM ET"
2026-03-19 21:35:37.000,SELL,Down,0.36,9,0,"Bitcoin Up or Down - March 19, 5:35PM-5:40PM ET"
2026-03-19 21:35:33.000,SELL,Down,0.35,12,0,"Bitcoin Up or Down - March 19, 5:35PM-5:40PM ET"
2026-03-19 21:35:29.000,SELL,Down,0.37,10,0,"Bitcoin Up or Down - March 19, 5:35PM-5:40PM ET"
2026-03-19 21:35:29.000,SELL,Down,0.37,9,0,"Bitcoin Up or Down - March 19, 5:35PM-5:40PM ET"
2026-03-19 21:35:29.000,SELL,Down,0.4,10,0,"Bitcoin Up or Down - March 19, 5:35PM-5:40PM ET"
2026-03-19 21:35:27.000,SELL,Down,0.42,9,0,"Bitcoin Up or Down - March 19, 5:35PM-5:40PM ET"
2026-03-19 21:35:25.000,SELL,Down,0.45,10,0,"Bitcoin Up or Down - March 19, 5:35PM-5:40PM ET"
2026-03-19 21:35:15.000,SELL,Down,0.47,9,0,"Bitcoin Up or Down - March 19, 5:35PM-5:40PM ET"
2026-03-19 21:35:15.000,SELL,Down,0.47,9,0,"Bitcoin Up or Down - March 19, 5:35PM-5:40PM ET"
2026-03-19 21:35:09.000,,,0.5,700,0,"Bitcoin Up or Down - March 19, 5:45PM-5:50PM ET"
2026-03-19 21:35:05.000,SELL,Up,0.49,5,0,"Bitcoin Up or Down - March 19, 5:35PM-5:40PM ET"
2026-03-19 21:34:31.000,BUY,Up,0.01,8.99978,0,"Bitcoin Up or Down - March 19, 5:30PM-5:35PM ET"
2026-03-19 21:34:31.000,BUY,Up,0.01,11.99971,0,"Bitcoin Up or Down - March 19, 5:30PM-5:35PM ET"
2026-03-19 21:34:29.000,BUY,Up,0.01,8.99978,0,"Bitcoin Up or Down - March 19, 5:30PM-5:35PM ET"
2026-03-19 21:34:29.000,BUY,Up,0.01,8.99978,0,"Bitcoin Up or Down - March 19, 5:30PM-5:35PM ET"
2026-03-19 21:34:27.000,,,0,566.57072,0,"Bitcoin Up or Down - March 19, 5:25PM-5:30PM ET"
2026-03-19 21:34:17.000,BUY,Up,0.01,11.99971,0,"Bitcoin Up or Down - March 19, 5:30PM-5:35PM ET"
2026-03-19 21:34:17.000,BUY,Up,0.01,8.99978,0,"Bitcoin Up or Down - March 19, 5:30PM-5:35PM ET"
2026-03-19 21:34:15.000,BUY,Up,0.01,8.99978,0,"Bitcoin Up or Down - March 19, 5:30PM-5:35PM ET"
2026-03-19 21:34:15.000,BUY,Up,0.01,8.99978,0,"Bitcoin Up or Down - March 19, 5:30PM-5:35PM ET"
2026-03-19 21:34:15.000,BUY,Up,0.01,8.99978,0,"Bitcoin Up or Down - March 19, 5:30PM-5:35PM ET"
2026-03-19 21:34:15.000,BUY,Up,0.01,8.99978,0,"Bitcoin Up or Down - March 19, 5:30PM-5:35PM ET"
2026-03-19 21:34:15.000,BUY,Up,0.01,8.99978,0,"Bitcoin Up or Down - March 19, 5:30PM-5:35PM ET"
2026-03-19 21:34:15.000,BUY,Up,0.01,9.99976,0,"Bitcoin Up or Down - March 19, 5:30PM-5:35PM ET"
2026-03-19 21:34:13.000,BUY,Up,0.01,8.99978,0,"Bitcoin Up or Down - March 19, 5:30PM-5:35PM ET"
2026-03-19 21:34:13.000,BUY,Up,0.01,8.99978,0,"Bitcoin Up or Down - March 19, 5:30PM-5:35PM ET"
2026-03-19 21:34:05.000,BUY,Up,0.02,8.99914,0,"Bitcoin Up or Down - March 19, 5:30PM-5:35PM ET"
2026-03-19 21:34:05.000,BUY,Up,0.02,8.99914,0,"Bitcoin Up or Down - March 19, 5:30PM-5:35PM ET"
2026-03-19 21:34:05.000,BUY,Up,0.02,8.99914,0,"Bitcoin Up or Down - March 19, 5:30PM-5:35PM ET"
2026-03-19 21:34:03.000,BUY,Up,0.03,8.9981,0,"Bitcoin Up or Down - March 19, 5:30PM-5:35PM ET"
2026-03-19 21:34:03.000,SELL,Up,0.02,10,0,"Bitcoin Up or Down - March 19, 5:30PM-5:35PM ET"
2026-03-19 21:34:03.000,SELL,Up,0.02,13,0,"Bitcoin Up or Down - March 19, 5:30PM-5:35PM ET"
2026-03-19 21:34:01.000,SELL,Up,0.02,9,0,"Bitcoin Up or Down - March 19, 5:30PM-5:35PM ET"
2026-03-19 21:34:01.000,BUY,Up,0.04,9.99632,0,"Bitcoin Up or Down - March 19, 5:30PM-5:35PM ET"
2026-03-19 21:34:01.000,SELL,Up,0.02,9,0,"Bitcoin Up or Down - March 19, 5:30PM-5:35PM ET"
2026-03-19 21:33:59.000,SELL,Up,0.02,10,0,"Bitcoin Up or Down - March 19, 5:30PM-5:35PM ET"
2026-03-19 21:33:59.000,SELL,Up,0.04,4.79,0,"Bitcoin Up or Down - March 19, 5:30PM-5:35PM ET"
2026-03-19 21:33:59.000,BUY,Up,0.06,8.99285,0,"Bitcoin Up or Down - March 19, 5:30PM-5:35PM ET"
2026-03-19 21:33:59.000,SELL,Up,0.02,9,0,"Bitcoin Up or Down - March 19, 5:30PM-5:35PM ET"
2026-03-19 21:33:59.000,SELL,Up,0.02,9.21,0,"Bitcoin Up or Down - March 19, 5:30PM-5:35PM ET"
2026-03-19 21:33:59.000,BUY,Up,0.05,8.99493,0,"Bitcoin Up or Down - March 19, 5:30PM-5:35PM ET"
2026-03-19 21:33:59.000,SELL,Up,0.04,33,0,"Bitcoin Up or Down - March 19, 5:30PM-5:35PM ET"
2026-03-19 21:33:57.000,SELL,Up,0.04,67,0,"Bitcoin Up or Down - March 19, 5:30PM-5:35PM ET"
2026-03-19 21:33:57.000,SELL,Up,0.03,28,0,"Bitcoin Up or Down - March 19, 5:30PM-5:35PM ET"
2026-03-19 21:33:55.000,SELL,Up,0.06,10,0,"Bitcoin Up or Down - March 19, 5:30PM-5:35PM ET"
2026-03-19 21:33:55.000,SELL,Up,0.06,10,0,"Bitcoin Up or Down - March 19, 5:30PM-5:35PM ET"
2026-03-19 21:33:53.000,SELL,Up,0.09,12,0,"Bitcoin Up or Down - March 19, 5:30PM-5:35PM ET"
2026-03-19 21:33:49.000,SELL,Up,0.1,14,0,"Bitcoin Up or Down - March 19, 5:30PM-5:35PM ET"
2026-03-19 21:33:43.000,SELL,Up,0.13,9,0,"Bitcoin Up or Down - March 19, 5:30PM-5:35PM ET"
2026-03-19 21:33:41.000,SELL,Up,0.14,9,0,"Bitcoin Up or Down - March 19, 5:30PM-5:35PM ET"
2026-03-19 21:33:41.000,SELL,Up,0.13,11,0,"Bitcoin Up or Down - March 19, 5:30PM-5:35PM ET"
2026-03-19 21:33:39.000,SELL,Up,0.18,10,0,"Bitcoin Up or Down - March 19, 5:30PM-5:35PM ET"
2026-03-19 21:33:23.000,SELL,Up,0.23,19,0,"Bitcoin Up or Down - March 19, 5:30PM-5:35PM ET"
2026-03-19 21:33:23.000,SELL,Up,0.25,9,0,"Bitcoin Up or Down - March 19, 5:30PM-5:35PM ET"
2026-03-19 21:33:23.000,SELL,Up,0.25,9,0,"Bitcoin Up or Down - March 19, 5:30PM-5:35PM ET"
2026-03-19 21:33:11.000,SELL,Up,0.38,9,0,"Bitcoin Up or Down - March 19, 5:30PM-5:35PM ET"
2026-03-19 21:33:11.000,SELL,Up,0.33,10,0,"Bitcoin Up or Down - March 19, 5:30PM-5:35PM ET"
2026-03-19 21:33:11.000,SELL,Up,0.38,9,0,"Bitcoin Up or Down - March 19, 5:30PM-5:35PM ET"
2026-03-19 21:33:01.000,SELL,Up,0.48,9,0,"Bitcoin Up or Down - March 19, 5:30PM-5:35PM ET"
2026-03-19 21:33:01.000,SELL,Up,0.48,9,0,"Bitcoin Up or Down - March 19, 5:30PM-5:35PM ET"
2026-03-19 21:33:01.000,BUY,Down,0.51,8.85949,0,"Bitcoin Up or Down - March 19, 5:30PM-5:35PM ET"
2026-03-19 21:32:59.000,SELL,Down,0.41,10,0,"Bitcoin Up or Down - March 19, 5:30PM-5:35PM ET"
2026-03-19 21:32:59.000,SELL,Down,0.39,9,0,"Bitcoin Up or Down - March 19, 5:30PM-5:35PM ET"
2026-03-19 21:32:59.000,BUY,Up,0.56,8.8634,0,"Bitcoin Up or Down - March 19, 5:30PM-5:35PM ET"
2026-03-19 21:32:45.000,BUY,Up,0.49,8.85949,0,"Bitcoin Up or Down - March 19, 5:30PM-5:35PM ET"
2026-03-19 21:32:25.000,,,0,51.15435,0,"Bitcoin Up or Down - March 19, 5:20PM-5:25PM ET"
2026-03-19 21:32:03.000,BUY,Up,0.48,9.84425,0,"Bitcoin Up or Down - March 19, 5:30PM-5:35PM ET"
2026-03-19 21:31:53.000,BUY,Up,0.44,9.84822,0,"Bitcoin Up or Down - March 19, 5:30PM-5:35PM ET"
2026-03-19 21:31:53.000,BUY,Up,0.43,8.86484,0,"Bitcoin Up or Down - March 19, 5:30PM-5:35PM ET"
2026-03-19 21:31:53.000,BUY,Up,0.39,8.87266,0,"Bitcoin Up or Down - March 19, 5:30PM-5:35PM ET"
2026-03-19 21:31:53.000,BUY,Up,0.41,12.80983,0,"Bitcoin Up or Down - March 19, 5:30PM-5:35PM ET"
2026-03-19 21:31:33.000,SELL,Up,0.29,16,0,"Bitcoin Up or Down - March 19, 5:30PM-5:35PM ET"
