timestamp,time_utc,side,outcome,price,size,usdc,market
1774113517,2026-03-21 17:18:37,BUY,Up,0.89,7.0,6.23,"Solana Up or Down - March 21, 1:15PM-1:20PM ET"
1774113519,2026-03-21 17:18:39,BUY,Down,0.14,19.000890000000002,2.6601246000000005,"Solana Up or Down - March 21, 1:15PM-1:20PM ET"
1774113521,2026-03-21 17:18:41,BUY,Up,0.81,14.105979999999999,11.425843799999999,"Solana Up or Down - March 21, 1:15PM-1:20PM ET"
1774113531,2026-03-21 17:18:51,BUY,Down,0.17266630080795775,32.151795,5.551531506985792,"Solana Up or Down - March 21, 1:15PM-1:20PM ET"
1774113537,2026-03-21 17:18:57,BUY,Up,0.83,7.0,5.81,"Solana Up or Down - March 21, 1:15PM-1:20PM ET"
1774113537,2026-03-21 17:18:57,BUY,Up,0.85,7.0,5.95,"Solana Up or Down - March 21, 1:15PM-1:20PM ET"
1774113539,2026-03-21 17:18:59,BUY,Up,0.82,7.0,5.739999999999999,"Solana Up or Down - March 21, 1:15PM-1:20PM ET"
1774113545,2026-03-21 17:19:05,BUY,Down,0.15000010035465333,0.996466,0.14947,"Solana Up or Down - March 21, 1:15PM-1:20PM ET"
1774113545,2026-03-21 17:19:05,BUY,Up,0.83,7.0,5.81,"Solana Up or Down - March 21, 1:15PM-1:20PM ET"
1774113565,2026-03-21 17:19:25,BUY,Up,0.92,5.902,5.42984,"Solana Up or Down - March 21, 1:15PM-1:20PM ET"
1774113569,2026-03-21 17:19:29,BUY,Up,0.92,7.0,6.44,"Solana Up or Down - March 21, 1:15PM-1:20PM ET"
1774113569,2026-03-21 17:19:29,BUY,Up,0.93,7.0,6.510000000000001,"Solana Up or Down - March 21, 1:15PM-1:20PM ET"
1774113573,2026-03-21 17:19:33,BUY,Up,0.96,6.37765,6.1225439999999995,"Solana Up or Down - March 21, 1:15PM-1:20PM ET"
1774113573,2026-03-21 17:19:33,BUY,Up,0.98,6.99933,6.859343399999999,"Solana Up or Down - March 21, 1:15PM-1:20PM ET"
1774113607,2026-03-21 17:20:07,,,0.0,158.69738,0.0,"Solana Up or Down - March 21, 1:10PM-1:15PM ET"
1774113607,2026-03-21 17:20:07,BUY,Up,0.55,7.0,3.8500000000000005,"Solana Up or Down - March 21, 1:20PM-1:25PM ET"
1774113607,2026-03-21 17:20:07,BUY,Up,0.56,7.0,3.9200000000000004,"Solana Up or Down - March 21, 1:20PM-1:25PM ET"
1774113609,2026-03-21 17:20:09,BUY,Down,0.47821959226292277,17.147644,8.200339321949754,"Solana Up or Down - March 21, 1:20PM-1:25PM ET"
1774113611,2026-03-21 17:20:11,BUY,Up,0.51,2.98,1.5198,"Solana Up or Down - March 21, 1:20PM-1:25PM ET"
1774113611,2026-03-21 17:20:11,BUY,Up,0.51,4.02,2.0502,"Solana Up or Down - March 21, 1:20PM-1:25PM ET"
1774113665,2026-03-21 17:21:05,BUY,Down,0.46,1.72,0.7912,"Solana Up or Down - March 21, 1:20PM-1:25PM ET"
1774113665,2026-03-21 17:21:05,BUY,Down,0.46000000757894993,5.277776,2.4277770000000003,"Solana Up or Down - March 21, 1:20PM-1:25PM ET"
1774113669,2026-03-21 17:21:09,BUY,Down,0.38,7.0,2.66,"Solana Up or Down - March 21, 1:20PM-1:25PM ET"
1774113669,2026-03-21 17:21:09,BUY,Down,0.37000008438190635,3.910791,1.446993,"Solana Up or Down - March 21, 1:20PM-1:25PM ET"
1774113671,2026-03-21 17:21:11,BUY,Down,0.28,7.0,1.9600000000000002,"Solana Up or Down - March 21, 1:20PM-1:25PM ET"
1774113671,2026-03-21 17:21:11,BUY,Down,0.26,7.0,1.82,"Solana Up or Down - March 21, 1:20PM-1:25PM ET"
1774113671,2026-03-21 17:21:11,BUY,Down,0.27,7.0,1.8900000000000001,"Solana Up or Down - March 21, 1:20PM-1:25PM ET"
1774113687,2026-03-21 17:21:27,BUY,Up,0.84,7.0,5.88,"Solana Up or Down - March 21, 1:20PM-1:25PM ET"
1774113689,2026-03-21 17:21:29,BUY,Down,0.15,5.97562,0.896343,"Solana Up or Down - March 21, 1:20PM-1:25PM ET"
1774113731,2026-03-21 17:22:11,BUY,Up,0.8800001430700873,5.591665,4.920666,"Solana Up or Down - March 21, 1:20PM-1:25PM ET"
1774113731,2026-03-21 17:22:11,BUY,Up,0.88,1.4,1.232,"Solana Up or Down - March 21, 1:20PM-1:25PM ET"
1774113747,2026-03-21 17:22:27,BUY,Up,0.94,7.0,6.58,"Solana Up or Down - March 21, 1:20PM-1:25PM ET"
1774113755,2026-03-21 17:22:35,BUY,Up,0.94,7.0,6.58,"Solana Up or Down - March 21, 1:20PM-1:25PM ET"
1774113769,2026-03-21 17:22:49,BUY,Up,0.9,3.45,3.1050000000000004,"Solana Up or Down - March 21, 1:20PM-1:25PM ET"
1774113769,2026-03-21 17:22:49,BUY,Up,0.9,3.55,3.195,"Solana Up or Down - March 21, 1:20PM-1:25PM ET"
1774113785,2026-03-21 17:23:05,BUY,Up,0.91,1.0,0.91,"Solana Up or Down - March 21, 1:20PM-1:25PM ET"
1774113785,2026-03-21 17:23:05,BUY,Up,0.92,7.0,6.44,"Solana Up or Down - March 21, 1:20PM-1:25PM ET"
1774113793,2026-03-21 17:23:13,BUY,Down,0.09,5.98994,0.5390946,"Solana Up or Down - March 21, 1:20PM-1:25PM ET"
1774113801,2026-03-21 17:23:21,BUY,Up,0.91,23.95976,21.8033816,"Solana Up or Down - March 21, 1:20PM-1:25PM ET"
1774113831,2026-03-21 17:23:51,BUY,Down,0.04,37.986,1.51944,"Solana Up or Down - March 21, 1:20PM-1:25PM ET"
1774113837,2026-03-21 17:23:57,BUY,Down,0.06,7.99364,0.4796184,"Solana Up or Down - March 21, 1:20PM-1:25PM ET"
1774113839,2026-03-21 17:23:59,BUY,Up,0.92,7.0,6.44,"Solana Up or Down - March 21, 1:20PM-1:25PM ET"
1774113841,2026-03-21 17:24:01,BUY,Up,0.93,10.38899,9.6617607,"Solana Up or Down - March 21, 1:20PM-1:25PM ET"
1774113843,2026-03-21 17:24:03,BUY,Up,0.91,3.0,2.73,"Solana Up or Down - March 21, 1:20PM-1:25PM ET"
1774113843,2026-03-21 17:24:03,BUY,Up,0.91,4.0,3.64,"Solana Up or Down - March 21, 1:20PM-1:25PM ET"
1774113845,2026-03-21 17:24:05,BUY,Up,0.96,8.923785,8.5668336,"Solana Up or Down - March 21, 1:20PM-1:25PM ET"
1774113845,2026-03-21 17:24:05,BUY,Up,0.96,16.99374,16.313990399999998,"Solana Up or Down - March 21, 1:20PM-1:25PM ET"
1774113847,2026-03-21 17:24:07,BUY,Up,0.96,6.99742,6.7175232,"Solana Up or Down - March 21, 1:20PM-1:25PM ET"
1774113847,2026-03-21 17:24:07,BUY,Up,0.96,6.99742,6.7175232,"Solana Up or Down - March 21, 1:20PM-1:25PM ET"
1774113907,2026-03-21 17:25:07,,,0.0,226.068008,0.0,"Solana Up or Down - March 21, 1:15PM-1:20PM ET"
1774113909,2026-03-21 17:25:09,BUY,Down,0.49,30.51602,14.952849800000001,"Solana Up or Down - March 21, 1:25PM-1:30PM ET"
1774113909,2026-03-21 17:25:09,BUY,Up,0.5203503319162782,7.01878,3.6522245026473352,"Solana Up or Down - March 21, 1:25PM-1:30PM ET"
1774113909,2026-03-21 17:25:09,BUY,Up,0.52,23.6262,12.285624,"Solana Up or Down - March 21, 1:25PM-1:30PM ET"
1774113909,2026-03-21 17:25:09,BUY,Down,0.47,7.0,3.29,"Solana Up or Down - March 21, 1:25PM-1:30PM ET"
1774113909,2026-03-21 17:25:09,BUY,Up,0.5199999889947063,7.156019000000001,3.72112980124591,"Solana Up or Down - March 21, 1:25PM-1:30PM ET"
1774113911,2026-03-21 17:25:11,BUY,Down,0.46,7.0,3.22,"Solana Up or Down - March 21, 1:25PM-1:30PM ET"
1774113913,2026-03-21 17:25:13,BUY,Down,0.46,0.68,0.3128,"Solana Up or Down - March 21, 1:25PM-1:30PM ET"
1774113951,2026-03-21 17:25:51,BUY,Down,0.4899999951485137,8.116176000000001,3.976926200624484,"Solana Up or Down - March 21, 1:25PM-1:30PM ET"
1774113951,2026-03-21 17:25:51,BUY,Down,0.4899999383999901,7.031346,3.445359106869017,"Solana Up or Down - March 21, 1:25PM-1:30PM ET"
1774113951,2026-03-21 17:25:51,BUY,Down,0.48999997946107626,16.774774999999998,8.219639405464175,"Solana Up or Down - March 21, 1:25PM-1:30PM ET"
1774113951,2026-03-21 17:25:51,BUY,Down,0.4899999383999901,7.031346,3.445359106869017,"Solana Up or Down - March 21, 1:25PM-1:30PM ET"
1774113957,2026-03-21 17:25:57,BUY,Up,0.39,7.0,2.73,"Solana Up or Down - March 21, 1:25PM-1:30PM ET"
1774113957,2026-03-21 17:25:57,BUY,Up,0.39,7.0,2.73,"Solana Up or Down - March 21, 1:25PM-1:30PM ET"
1774113957,2026-03-21 17:25:57,BUY,Up,0.37,7.0,2.59,"Solana Up or Down - March 21, 1:25PM-1:30PM ET"
1774113957,2026-03-21 17:25:57,BUY,Up,0.38,7.0,2.66,"Solana Up or Down - March 21, 1:25PM-1:30PM ET"
1774113959,2026-03-21 17:25:59,BUY,Down,0.54,4.08,2.2032000000000003,"Solana Up or Down - March 21, 1:25PM-1:30PM ET"
1774113959,2026-03-21 17:25:59,BUY,Down,0.5400000342925532,2.916085,1.5746859999999998,"Solana Up or Down - March 21, 1:25PM-1:30PM ET"
1774113959,2026-03-21 17:25:59,BUY,Up,0.44,2.0,0.88,"Solana Up or Down - March 21, 1:25PM-1:30PM ET"
1774113959,2026-03-21 17:25:59,BUY,Up,0.42000006823531116,4.689654,1.969655,"Solana Up or Down - March 21, 1:25PM-1:30PM ET"
1774113959,2026-03-21 17:25:59,BUY,Up,0.44,5.0,2.2,"Solana Up or Down - March 21, 1:25PM-1:30PM ET"
1774113959,2026-03-21 17:25:59,BUY,Up,0.42,2.31,0.9702,"Solana Up or Down - March 21, 1:25PM-1:30PM ET"
1774113961,2026-03-21 17:26:01,BUY,Up,0.46,5.44,2.5024,"Solana Up or Down - March 21, 1:25PM-1:30PM ET"
1774113961,2026-03-21 17:26:01,BUY,Up,0.46000002880000807,5.555554,2.555555,"Solana Up or Down - March 21, 1:25PM-1:30PM ET"
1774113965,2026-03-21 17:26:05,BUY,Up,0.4,5.17,2.068,"Solana Up or Down - March 21, 1:25PM-1:30PM ET"
1774113967,2026-03-21 17:26:07,BUY,Up,0.36,5.125,1.845,"Solana Up or Down - March 21, 1:25PM-1:30PM ET"
1774113967,2026-03-21 17:26:07,BUY,Up,0.36,1.87,0.6732,"Solana Up or Down - March 21, 1:25PM-1:30PM ET"
1774113967,2026-03-21 17:26:07,BUY,Up,0.3699999843920583,21.487882,7.95051600461839,"Solana Up or Down - March 21, 1:25PM-1:30PM ET"
1774113967,2026-03-21 17:26:07,BUY,Up,0.38,6.90287,2.6230906000000003,"Solana Up or Down - March 21, 1:25PM-1:30PM ET"
1774113967,2026-03-21 17:26:07,BUY,Down,0.62,7.0,4.34,"Solana Up or Down - March 21, 1:25PM-1:30PM ET"
1774113971,2026-03-21 17:26:11,BUY,Down,0.6500000921052874,5.42857,3.528571,"Solana Up or Down - March 21, 1:25PM-1:30PM ET"
1774113989,2026-03-21 17:26:29,BUY,Down,0.7900001119403306,5.806665,4.587266,"Solana Up or Down - March 21, 1:25PM-1:30PM ET"
1774113997,2026-03-21 17:26:37,BUY,Up,0.16,5.97291,0.9556656,"Solana Up or Down - March 21, 1:25PM-1:30PM ET"
1774114007,2026-03-21 17:26:47,BUY,Down,0.85,4.97968,4.232728,"Solana Up or Down - March 21, 1:25PM-1:30PM ET"
1774114023,2026-03-21 17:27:03,BUY,Up,0.21,7.94496,1.6684416,"Solana Up or Down - March 21, 1:25PM-1:30PM ET"
1774114029,2026-03-21 17:27:09,BUY,Down,0.78,7.0,5.46,"Solana Up or Down - March 21, 1:25PM-1:30PM ET"
1774114087,2026-03-21 17:28:07,BUY,Down,0.81,5.0,4.050000000000001,"Solana Up or Down - March 21, 1:25PM-1:30PM ET"
1774114097,2026-03-21 17:28:17,BUY,Down,0.77,7.0,5.390000000000001,"Solana Up or Down - March 21, 1:25PM-1:30PM ET"
1774114119,2026-03-21 17:28:39,BUY,Down,0.82,7.0,5.739999999999999,"Solana Up or Down - March 21, 1:25PM-1:30PM ET"
1774114119,2026-03-21 17:28:39,BUY,Down,0.83,7.0,5.81,"Solana Up or Down - March 21, 1:25PM-1:30PM ET"
1774114129,2026-03-21 17:28:49,BUY,Down,0.91,7.0,6.37,"Solana Up or Down - March 21, 1:25PM-1:30PM ET"
1774114145,2026-03-21 17:29:05,BUY,Down,0.9,7.83965,7.0556849999999995,"Solana Up or Down - March 21, 1:25PM-1:30PM ET"
1774114165,2026-03-21 17:29:25,BUY,Down,0.99,6.99983,6.9298317,"Solana Up or Down - March 21, 1:25PM-1:30PM ET"
1774114165,2026-03-21 17:29:25,BUY,Down,0.99,6.99983,6.9298317,"Solana Up or Down - March 21, 1:25PM-1:30PM ET"
1774114165,2026-03-21 17:29:25,BUY,Down,0.99,6.99983,6.9298317,"Solana Up or Down - March 21, 1:25PM-1:30PM ET"
1774114207,2026-03-21 17:30:07,,,0.0,152.25278,0.0,"Solana Up or Down - March 21, 1:20PM-1:25PM ET"
1774114213,2026-03-21 17:30:13,BUY,Down,0.5200001053145218,3.418332,1.7775329999999998,"Solana Up or Down - March 21, 1:30PM-1:35PM ET"
1774114215,2026-03-21 17:30:15,BUY,Down,0.51,7.0,3.5700000000000003,"Solana Up or Down - March 21, 1:30PM-1:35PM ET"
1774114221,2026-03-21 17:30:21,BUY,Up,0.44,30.52948,13.432971199999999,"Solana Up or Down - March 21, 1:30PM-1:35PM ET"
1774114235,2026-03-21 17:30:35,BUY,Down,0.59,7.0,4.13,"Solana Up or Down - March 21, 1:30PM-1:35PM ET"
1774114241,2026-03-21 17:30:41,BUY,Up,0.36,7.0,2.52,"Solana Up or Down - March 21, 1:30PM-1:35PM ET"
1774114251,2026-03-21 17:30:51,BUY,Up,0.35,7.44244,2.604854,"Solana Up or Down - March 21, 1:30PM-1:35PM ET"
1774114255,2026-03-21 17:30:55,BUY,Up,0.34999996449274695,9.729601,3.4053600045285957,"Solana Up or Down - March 21, 1:30PM-1:35PM ET"
1774114289,2026-03-21 17:31:29,BUY,Down,0.5502845080121591,25.33817,13.94320241237845,"Solana Up or Down - March 21, 1:30PM-1:35PM ET"
1774114289,2026-03-21 17:31:29,BUY,Down,0.57,7.0,3.9899999999999998,"Solana Up or Down - March 21, 1:30PM-1:35PM ET"
1774114289,2026-03-21 17:31:29,BUY,Down,0.61,7.0,4.27,"Solana Up or Down - March 21, 1:30PM-1:35PM ET"
1774114289,2026-03-21 17:31:29,BUY,Down,0.56,7.26307,4.0673192,"Solana Up or Down - March 21, 1:30PM-1:35PM ET"
1774114291,2026-03-21 17:31:31,BUY,Down,0.54,7.0,3.7800000000000002,"Solana Up or Down - March 21, 1:30PM-1:35PM ET"
1774114291,2026-03-21 17:31:31,BUY,Down,0.53,2.95,1.5635000000000001,"Solana Up or Down - March 21, 1:30PM-1:35PM ET"
1774114293,2026-03-21 17:31:33,BUY,Up,0.44000050179391326,0.79714,0.350742,"Solana Up or Down - March 21, 1:30PM-1:35PM ET"
1774114323,2026-03-21 17:32:03,BUY,Down,0.54,6.89203,3.7216962000000002,"Solana Up or Down - March 21, 1:30PM-1:35PM ET"
1774114357,2026-03-21 17:32:37,BUY,Down,0.3599999621881795,12.525983,4.509353406369779,"Solana Up or Down - March 21, 1:30PM-1:35PM ET"
1774114381,2026-03-21 17:33:01,BUY,Down,0.2928733136587418,5.066755000000001,1.4839173263469985,"Solana Up or Down - March 21, 1:30PM-1:35PM ET"
1774114381,2026-03-21 17:33:01,BUY,Up,0.71,5.0,3.55,"Solana Up or Down - March 21, 1:30PM-1:35PM ET"
1774114391,2026-03-21 17:33:11,BUY,Up,0.48,7.32167,3.5144016,"Solana Up or Down - March 21, 1:30PM-1:35PM ET"
1774114393,2026-03-21 17:33:13,BUY,Up,0.52,7.0,3.64,"Solana Up or Down - March 21, 1:30PM-1:35PM ET"
1774114393,2026-03-21 17:33:13,BUY,Up,0.48,25.10284,12.0493632,"Solana Up or Down - March 21, 1:30PM-1:35PM ET"
1774114393,2026-03-21 17:33:13,BUY,Up,0.48,7.32167,3.5144016,"Solana Up or Down - March 21, 1:30PM-1:35PM ET"
1774114395,2026-03-21 17:33:15,BUY,Up,0.64,7.015035,4.4896224,"Solana Up or Down - March 21, 1:30PM-1:35PM ET"
1774114407,2026-03-21 17:33:27,BUY,Down,0.37000016016999376,0.936505,0.346507,"Solana Up or Down - March 21, 1:30PM-1:35PM ET"
1774114413,2026-03-21 17:33:33,BUY,Down,0.35,7.0,2.4499999999999997,"Solana Up or Down - March 21, 1:30PM-1:35PM ET"
1774114421,2026-03-21 17:33:41,BUY,Down,0.35,7.0,2.4499999999999997,"Solana Up or Down - March 21, 1:30PM-1:35PM ET"
1774114435,2026-03-21 17:33:55,BUY,Down,0.332183908045977,17.18593,5.708889390804598,"Solana Up or Down - March 21, 1:30PM-1:35PM ET"
1774114435,2026-03-21 17:33:55,BUY,Down,0.33,7.0,2.31,"Solana Up or Down - March 21, 1:30PM-1:35PM ET"
1774114449,2026-03-21 17:34:09,BUY,Up,0.63,6.90492,4.3500996,"Solana Up or Down - March 21, 1:30PM-1:35PM ET"
1774114449,2026-03-21 17:34:09,BUY,Up,0.63,6.90492,4.3500996,"Solana Up or Down - March 21, 1:30PM-1:35PM ET"
1774114449,2026-03-21 17:34:09,BUY,Up,0.63,6.90492,4.3500996,"Solana Up or Down - March 21, 1:30PM-1:35PM ET"
1774114449,2026-03-21 17:34:09,BUY,Up,0.54,2.0,1.08,"Solana Up or Down - March 21, 1:30PM-1:35PM ET"
1774114449,2026-03-21 17:34:09,BUY,Up,0.54,2.0,1.08,"Solana Up or Down - March 21, 1:30PM-1:35PM ET"
1774114449,2026-03-21 17:34:09,BUY,Up,0.45,7.0,3.15,"Solana Up or Down - March 21, 1:30PM-1:35PM ET"
1774114451,2026-03-21 17:34:11,BUY,Up,0.63,16.76908,10.5645204,"Solana Up or Down - March 21, 1:30PM-1:35PM ET"
1774114451,2026-03-21 17:34:11,BUY,Up,0.6299999861984521,12.150148999999999,7.654593702309136,"Solana Up or Down - March 21, 1:30PM-1:35PM ET"
1774114463,2026-03-21 17:34:23,BUY,Down,0.32,5.63,1.8016,"Solana Up or Down - March 21, 1:30PM-1:35PM ET"
1774114463,2026-03-21 17:34:23,BUY,Down,0.3200001175963022,1.360587,0.435388,"Solana Up or Down - March 21, 1:30PM-1:35PM ET"
1774114469,2026-03-21 17:34:29,BUY,Down,0.16,7.0,1.12,"Solana Up or Down - March 21, 1:30PM-1:35PM ET"
1774114471,2026-03-21 17:34:31,BUY,Down,0.15,7.0,1.05,"Solana Up or Down - March 21, 1:30PM-1:35PM ET"
1774114473,2026-03-21 17:34:33,BUY,Down,0.17,5.0,0.8500000000000001,"Solana Up or Down - March 21, 1:30PM-1:35PM ET"
1774114475,2026-03-21 17:34:35,BUY,Down,0.17,7.0,1.1900000000000002,"Solana Up or Down - March 21, 1:30PM-1:35PM ET"
1774114475,2026-03-21 17:34:35,BUY,Down,0.21,7.88537,1.6559277,"Solana Up or Down - March 21, 1:30PM-1:35PM ET"
1774114475,2026-03-21 17:34:35,BUY,Down,0.17,2.0,0.34,"Solana Up or Down - March 21, 1:30PM-1:35PM ET"
1774114475,2026-03-21 17:34:35,BUY,Down,0.179999941224485,13.53698,2.436655604357029,"Solana Up or Down - March 21, 1:30PM-1:35PM ET"
1774114475,2026-03-21 17:34:35,BUY,Down,0.17,6.73,1.1441000000000001,"Solana Up or Down - March 21, 1:30PM-1:35PM ET"
1774114477,2026-03-21 17:34:37,BUY,Down,0.1699999465322533,14.515624,2.4676553038822933,"Solana Up or Down - March 21, 1:30PM-1:35PM ET"
1774114481,2026-03-21 17:34:41,BUY,Up,0.84,7.0,5.88,"Solana Up or Down - March 21, 1:30PM-1:35PM ET"
1774114495,2026-03-21 17:34:55,BUY,Up,0.99,23.99942,23.7594258,"Solana Up or Down - March 21, 1:30PM-1:35PM ET"
1774114495,2026-03-21 17:34:55,BUY,Up,0.99,23.99942,23.7594258,"Solana Up or Down - March 21, 1:30PM-1:35PM ET"
1774114495,2026-03-21 17:34:55,BUY,Up,0.98,1.42,1.3916,"Solana Up or Down - March 21, 1:30PM-1:35PM ET"
1774114495,2026-03-21 17:34:55,BUY,Up,0.97,7.0,6.79,"Solana Up or Down - March 21, 1:30PM-1:35PM ET"
1774114497,2026-03-21 17:34:57,BUY,Down,0.03,4.99895,0.14996849999999998,"Solana Up or Down - March 21, 1:30PM-1:35PM ET"
1774114497,2026-03-21 17:34:57,BUY,Up,0.98,1.24,1.2152,"Solana Up or Down - March 21, 1:30PM-1:35PM ET"
1774114507,2026-03-21 17:35:07,,,0.0,183.199803,0.0,"Solana Up or Down - March 21, 1:25PM-1:30PM ET"
1774114509,2026-03-21 17:35:09,BUY,Up,0.53,7.0,3.71,"Solana Up or Down - March 21, 1:35PM-1:40PM ET"
1774114509,2026-03-21 17:35:09,BUY,Down,0.4699999902083329,31.168453000000003,14.649172604808886,"Solana Up or Down - March 21, 1:35PM-1:40PM ET"
1774114589,2026-03-21 17:36:29,BUY,Up,0.66,9.87412,6.5169192,"Solana Up or Down - March 21, 1:35PM-1:40PM ET"
1774114591,2026-03-21 17:36:31,BUY,Up,0.69,9.88562,6.821077799999999,"Solana Up or Down - March 21, 1:35PM-1:40PM ET"
1774114591,2026-03-21 17:36:31,BUY,Up,0.7,7.100849999999999,4.970594999999999,"Solana Up or Down - March 21, 1:35PM-1:40PM ET"
1774114595,2026-03-21 17:36:35,BUY,Down,0.27,3.16,0.8532000000000001,"Solana Up or Down - March 21, 1:35PM-1:40PM ET"
1774114595,2026-03-21 17:36:35,BUY,Down,0.2700000677760741,3.836162,1.035764,"Solana Up or Down - March 21, 1:35PM-1:40PM ET"
1774114597,2026-03-21 17:36:37,BUY,Down,0.26000003952034517,5.566753,1.447356,"Solana Up or Down - March 21, 1:35PM-1:40PM ET"
1774114615,2026-03-21 17:36:55,BUY,Down,0.27,5.63,1.5201,"Solana Up or Down - March 21, 1:35PM-1:40PM ET"
1774114619,2026-03-21 17:36:59,BUY,Down,0.26,1.2727,0.330902,"Solana Up or Down - March 21, 1:35PM-1:40PM ET"
1774114621,2026-03-21 17:37:01,BUY,Down,0.26,5.72,1.4872,"Solana Up or Down - March 21, 1:35PM-1:40PM ET"
1774114621,2026-03-21 17:37:01,BUY,Down,0.2599999571276552,14.327707,3.7252032057376057,"Solana Up or Down - March 21, 1:35PM-1:40PM ET"
1774114639,2026-03-21 17:37:19,BUY,Up,0.64,1.72,1.1008,"Solana Up or Down - March 21, 1:35PM-1:40PM ET"
1774114639,2026-03-21 17:37:19,BUY,Up,0.63,7.0,4.41,"Solana Up or Down - March 21, 1:35PM-1:40PM ET"
1774114639,2026-03-21 17:37:19,BUY,Up,0.73,7.0,5.109999999999999,"Solana Up or Down - March 21, 1:35PM-1:40PM ET"
1774114639,2026-03-21 17:37:19,BUY,Up,0.6400000682105493,5.277776,3.3777770000000005,"Solana Up or Down - March 21, 1:35PM-1:40PM ET"
1774114641,2026-03-21 17:37:21,BUY,Up,0.6,7.0,4.2,"Solana Up or Down - March 21, 1:35PM-1:40PM ET"
1774114641,2026-03-21 17:37:21,BUY,Up,0.6100000525000131,6.666665,4.066666,"Solana Up or Down - March 21, 1:35PM-1:40PM ET"
1774114641,2026-03-21 17:37:21,BUY,Up,0.6,7.0,4.2,"Solana Up or Down - March 21, 1:35PM-1:40PM ET"
1774114641,2026-03-21 17:37:21,BUY,Up,0.6,2.5,1.5,"Solana Up or Down - March 21, 1:35PM-1:40PM ET"
1774114647,2026-03-21 17:37:27,BUY,Down,0.36,14.80094,5.3283384,"Solana Up or Down - March 21, 1:35PM-1:40PM ET"
1774114685,2026-03-21 17:38:05,BUY,Up,0.54,1.04,0.5616000000000001,"Solana Up or Down - March 21, 1:35PM-1:40PM ET"
1774114685,2026-03-21 17:38:05,BUY,Up,0.5400002392001149,2.173912,1.1739130000000002,"Solana Up or Down - March 21, 1:35PM-1:40PM ET"
1774114699,2026-03-21 17:38:19,BUY,Up,0.54,3.78,2.0412,"Solana Up or Down - March 21, 1:35PM-1:40PM ET"
1774114711,2026-03-21 17:38:31,BUY,Up,0.5300000842951224,2.728509,1.44611,"Solana Up or Down - March 21, 1:35PM-1:40PM ET"
1774114719,2026-03-21 17:38:39,BUY,Up,0.5500002025001114,2.222221,1.222222,"Solana Up or Down - March 21, 1:35PM-1:40PM ET"
1774114737,2026-03-21 17:38:57,BUY,Down,0.27,2.81,0.7587,"Solana Up or Down - March 21, 1:35PM-1:40PM ET"
1774114737,2026-03-21 17:38:57,BUY,Down,0.27,4.19,1.1313000000000002,"Solana Up or Down - March 21, 1:35PM-1:40PM ET"
1774114737,2026-03-21 17:38:57,BUY,Down,0.28,7.0,1.9600000000000002,"Solana Up or Down - March 21, 1:35PM-1:40PM ET"
1774114737,2026-03-21 17:38:57,BUY,Down,0.26,10.541540000000001,2.7408004000000004,"Solana Up or Down - March 21, 1:35PM-1:40PM ET"
1774114741,2026-03-21 17:39:01,BUY,Down,0.39,5.0,1.9500000000000002,"Solana Up or Down - March 21, 1:35PM-1:40PM ET"
1774114743,2026-03-21 17:39:03,BUY,Down,0.3599999578378333,12.169662,4.381077806900682,"Solana Up or Down - March 21, 1:35PM-1:40PM ET"
1774114745,2026-03-21 17:39:05,BUY,Up,0.64,7.0,4.48,"Solana Up or Down - March 21, 1:35PM-1:40PM ET"
1774114749,2026-03-21 17:39:09,BUY,Down,0.2899999455510084,8.358734,2.4240324048753625,"Solana Up or Down - March 21, 1:35PM-1:40PM ET"
1774114763,2026-03-21 17:39:23,BUY,Up,0.71,8.49896,6.0342616,"Solana Up or Down - March 21, 1:35PM-1:40PM ET"
1774114769,2026-03-21 17:39:29,BUY,Down,0.4199999581395252,7.060355,2.9653488044501874,"Solana Up or Down - March 21, 1:35PM-1:40PM ET"
1774114769,2026-03-21 17:39:29,BUY,Up,0.59,7.0,4.13,"Solana Up or Down - March 21, 1:35PM-1:40PM ET"
1774114769,2026-03-21 17:39:29,BUY,Down,0.41017970152268907,7.375012,3.02508022088625,"Solana Up or Down - March 21, 1:35PM-1:40PM ET"
1774114773,2026-03-21 17:39:33,BUY,Up,0.530000072766699,5.49702,2.913421,"Solana Up or Down - March 21, 1:35PM-1:40PM ET"
1774114773,2026-03-21 17:39:33,BUY,Up,0.54,1.34,0.7236000000000001,"Solana Up or Down - March 21, 1:35PM-1:40PM ET"
1774114773,2026-03-21 17:39:33,BUY,Up,0.5400000212307764,5.652172,3.052173,"Solana Up or Down - March 21, 1:35PM-1:40PM ET"
1774114773,2026-03-21 17:39:33,BUY,Up,0.53,1.5,0.795,"Solana Up or Down - March 21, 1:35PM-1:40PM ET"
1774114777,2026-03-21 17:39:37,BUY,Down,0.43999993503354484,6.669936,2.934771406677902,"Solana Up or Down - March 21, 1:35PM-1:40PM ET"
1774114781,2026-03-21 17:39:41,BUY,Up,0.52,7.8754,4.095208,"Solana Up or Down - March 21, 1:35PM-1:40PM ET"
1774114781,2026-03-21 17:39:41,BUY,Up,0.56,22.03539,12.3398184,"Solana Up or Down - March 21, 1:35PM-1:40PM ET"
1774114781,2026-03-21 17:39:41,BUY,Up,0.5399999823214265,24.504966,13.232681206787158,"Solana Up or Down - March 21, 1:35PM-1:40PM ET"
1774114783,2026-03-21 17:39:43,BUY,Up,0.8099999971478858,6.970822,5.64636580011842,"Solana Up or Down - March 21, 1:35PM-1:40PM ET"
1774114785,2026-03-21 17:39:45,BUY,Down,0.19000002430009647,1.234563,0.234567,"Solana Up or Down - March 21, 1:35PM-1:40PM ET"
1774114785,2026-03-21 17:39:45,BUY,Down,0.19,5.76,1.0944,"Solana Up or Down - March 21, 1:35PM-1:40PM ET"
1774114785,2026-03-21 17:39:45,BUY,Down,0.2,7.0,1.4000000000000001,"Solana Up or Down - March 21, 1:35PM-1:40PM ET"
1774114787,2026-03-21 17:39:47,BUY,Down,0.15,2.0,0.3,"Solana Up or Down - March 21, 1:35PM-1:40PM ET"
1774114787,2026-03-21 17:39:47,BUY,Down,0.15,5.0,0.75,"Solana Up or Down - March 21, 1:35PM-1:40PM ET"
1774114787,2026-03-21 17:39:47,BUY,Down,0.16,7.0,1.12,"Solana Up or Down - March 21, 1:35PM-1:40PM ET"
1774114787,2026-03-21 17:39:47,BUY,Down,0.17,2.14,0.36380000000000007,"Solana Up or Down - March 21, 1:35PM-1:40PM ET"
1774114791,2026-03-21 17:39:51,BUY,Down,0.14,6.97464,0.9764496000000001,"Solana Up or Down - March 21, 1:35PM-1:40PM ET"
1774114793,2026-03-21 17:39:53,BUY,Down,0.1,34.92913,3.492913,"Solana Up or Down - March 21, 1:35PM-1:40PM ET"
1774114793,2026-03-21 17:39:53,BUY,Down,0.1,7.68441,0.768441,"Solana Up or Down - March 21, 1:35PM-1:40PM ET"
1774114799,2026-03-21 17:39:59,BUY,Up,0.98,9.99904,9.7990592,"Solana Up or Down - March 21, 1:35PM-1:40PM ET"
1774114817,2026-03-21 17:40:17,BUY,Down,0.58,5.0,2.9,"Solana Up or Down - March 21, 1:40PM-1:45PM ET"
1774114819,2026-03-21 17:40:19,BUY,Down,0.59,7.0,4.13,"Solana Up or Down - March 21, 1:40PM-1:45PM ET"
1774114825,2026-03-21 17:40:25,,,0.0,239.552705,0.0,"Solana Up or Down - March 21, 1:30PM-1:35PM ET"
1774114833,2026-03-21 17:40:33,BUY,Up,0.39,1.48,0.5772,"Solana Up or Down - March 21, 1:40PM-1:45PM ET"
1774114835,2026-03-21 17:40:35,BUY,Down,0.58,2.0,1.16,"Solana Up or Down - March 21, 1:40PM-1:45PM ET"
1774114835,2026-03-21 17:40:35,BUY,Up,0.39,5.52,2.1528,"Solana Up or Down - March 21, 1:40PM-1:45PM ET"
1774114837,2026-03-21 17:40:37,BUY,Up,0.4,2.0,0.8,"Solana Up or Down - March 21, 1:40PM-1:45PM ET"
1774114845,2026-03-21 17:40:45,BUY,Up,0.39,7.0,2.73,"Solana Up or Down - March 21, 1:40PM-1:45PM ET"
1774114845,2026-03-21 17:40:45,BUY,Up,0.38,7.0,2.66,"Solana Up or Down - March 21, 1:40PM-1:45PM ET"
1774114847,2026-03-21 17:40:47,BUY,Up,0.38,4.93062,1.8736356,"Solana Up or Down - March 21, 1:40PM-1:45PM ET"
1774114847,2026-03-21 17:40:47,BUY,Up,0.38,23.66696,8.9934448,"Solana Up or Down - March 21, 1:40PM-1:45PM ET"
1774114869,2026-03-21 17:41:09,BUY,Down,0.57,9.84982,5.614397399999999,"Solana Up or Down - March 21, 1:40PM-1:45PM ET"
1774114881,2026-03-21 17:41:21,BUY,Down,0.5,0.17,0.085,"Solana Up or Down - March 21, 1:40PM-1:45PM ET"
1774114883,2026-03-21 17:41:23,BUY,Down,0.5100001715001115,2.040815,1.040816,"Solana Up or Down - March 21, 1:40PM-1:45PM ET"
1774114895,2026-03-21 17:41:35,BUY,Down,0.470000111523749,3.048678,1.432879,"Solana Up or Down - March 21, 1:40PM-1:45PM ET"
1774114895,2026-03-21 17:41:35,BUY,Down,0.4226848352374018,27.687645000000003,11.703147664936672,"Solana Up or Down - March 21, 1:40PM-1:45PM ET"
1774114895,2026-03-21 17:41:35,BUY,Down,0.45,4.26,1.917,"Solana Up or Down - March 21, 1:40PM-1:45PM ET"
1774114895,2026-03-21 17:41:35,BUY,Down,0.4500000914533213,2.733635,1.2301360000000001,"Solana Up or Down - March 21, 1:40PM-1:45PM ET"
1774114895,2026-03-21 17:41:35,BUY,Down,0.46,4.0,1.84,"Solana Up or Down - March 21, 1:40PM-1:45PM ET"
1774114895,2026-03-21 17:41:35,BUY,Down,0.46,3.0,1.3800000000000001,"Solana Up or Down - March 21, 1:40PM-1:45PM ET"
1774114895,2026-03-21 17:41:35,BUY,Down,0.47,2.06,0.9682,"Solana Up or Down - March 21, 1:40PM-1:45PM ET"
1774114895,2026-03-21 17:41:35,BUY,Down,0.47,1.89,0.8882999999999999,"Solana Up or Down - March 21, 1:40PM-1:45PM ET"
1774114897,2026-03-21 17:41:37,BUY,Down,0.42999997530404716,6.780339000000001,2.915545602553068,"Solana Up or Down - March 21, 1:40PM-1:45PM ET"
1774114897,2026-03-21 17:41:37,BUY,Down,0.4299999476203881,8.086011,3.476984306457882,"Solana Up or Down - March 21, 1:40PM-1:45PM ET"
1774114897,2026-03-21 17:41:37,BUY,Down,0.4399999849786613,15.734771,6.923299003642676,"Solana Up or Down - March 21, 1:40PM-1:45PM ET"
1774114923,2026-03-21 17:42:03,BUY,Up,0.58,4.92583,2.8569814,"Solana Up or Down - March 21, 1:40PM-1:45PM ET"
1774114957,2026-03-21 17:42:37,BUY,Up,0.63,5.0,3.15,"Solana Up or Down - March 21, 1:40PM-1:45PM ET"
1774114997,2026-03-21 17:43:17,BUY,Up,0.66,7.0,4.62,"Solana Up or Down - March 21, 1:40PM-1:45PM ET"
1774114997,2026-03-21 17:43:17,BUY,Up,0.67,7.0,4.69,"Solana Up or Down - March 21, 1:40PM-1:45PM ET"
1774114997,2026-03-21 17:43:17,BUY,Up,0.68,7.0,4.760000000000001,"Solana Up or Down - March 21, 1:40PM-1:45PM ET"
1774115009,2026-03-21 17:43:29,BUY,Up,0.67,7.68492,5.1488964,"Solana Up or Down - March 21, 1:40PM-1:45PM ET"
1774115009,2026-03-21 17:43:29,BUY,Up,0.6900001524206152,4.264515,2.942516,"Solana Up or Down - March 21, 1:40PM-1:45PM ET"
1774115009,2026-03-21 17:43:29,BUY,Up,0.69,1.0,0.69,"Solana Up or Down - March 21, 1:40PM-1:45PM ET"
1774115009,2026-03-21 17:43:29,BUY,Up,0.69,6.0,4.14,"Solana Up or Down - March 21, 1:40PM-1:45PM ET"
1774115011,2026-03-21 17:43:31,BUY,Up,0.69,2.73,1.8837,"Solana Up or Down - March 21, 1:40PM-1:45PM ET"
1774115013,2026-03-21 17:43:33,BUY,Down,0.29,1.55,0.44949999999999996,"Solana Up or Down - March 21, 1:40PM-1:45PM ET"
1774115015,2026-03-21 17:43:35,BUY,Down,0.29000005680010904,1.408448,0.40845,"Solana Up or Down - March 21, 1:40PM-1:45PM ET"
1774115017,2026-03-21 17:43:37,BUY,Up,0.71,6.92581,4.9173251,"Solana Up or Down - March 21, 1:40PM-1:45PM ET"
1774115017,2026-03-21 17:43:37,BUY,Up,0.7,16.57523,11.602661,"Solana Up or Down - March 21, 1:40PM-1:45PM ET"
1774115017,2026-03-21 17:43:37,BUY,Up,0.7099999991517323,11.663791,8.281291600105982,"Solana Up or Down - March 21, 1:40PM-1:45PM ET"
1774115019,2026-03-21 17:43:39,BUY,Down,0.28,7.0,1.9600000000000002,"Solana Up or Down - March 21, 1:40PM-1:45PM ET"
1774115023,2026-03-21 17:43:43,BUY,Down,0.25,5.4,1.35,"Solana Up or Down - March 21, 1:40PM-1:45PM ET"
1774115023,2026-03-21 17:43:43,BUY,Down,0.25,1.6,0.4,"Solana Up or Down - March 21, 1:40PM-1:45PM ET"
1774115025,2026-03-21 17:43:45,BUY,Down,0.25,4.206664,1.051666,"Solana Up or Down - March 21, 1:40PM-1:45PM ET"
1774115029,2026-03-21 17:43:49,BUY,Down,0.26000005426668077,4.054053,1.0540539999999998,"Solana Up or Down - March 21, 1:40PM-1:45PM ET"
1774115031,2026-03-21 17:43:51,BUY,Down,0.27000018980014046,1.369862,0.369863,"Solana Up or Down - March 21, 1:40PM-1:45PM ET"
1774115033,2026-03-21 17:43:53,BUY,Down,0.27,5.63,1.5201,"Solana Up or Down - March 21, 1:40PM-1:45PM ET"
1774115037,2026-03-21 17:43:57,BUY,Down,0.25,2.666664,0.666666,"Solana Up or Down - March 21, 1:40PM-1:45PM ET"
1774115037,2026-03-21 17:43:57,BUY,Down,0.25,1.6,0.4,"Solana Up or Down - March 21, 1:40PM-1:45PM ET"
1774115043,2026-03-21 17:44:03,BUY,Down,0.22,3.0,0.66,"Solana Up or Down - March 21, 1:40PM-1:45PM ET"
1774115043,2026-03-21 17:44:03,BUY,Down,0.22,4.0,0.88,"Solana Up or Down - March 21, 1:40PM-1:45PM ET"
1774115043,2026-03-21 17:44:03,BUY,Down,0.24,7.0,1.68,"Solana Up or Down - March 21, 1:40PM-1:45PM ET"
1774115043,2026-03-21 17:44:03,BUY,Down,0.25,7.0,1.75,"Solana Up or Down - March 21, 1:40PM-1:45PM ET"
1774115049,2026-03-21 17:44:09,BUY,Down,0.3900001671234708,1.19672,0.466721,"Solana Up or Down - March 21, 1:40PM-1:45PM ET"
1774115051,2026-03-21 17:44:11,BUY,Up,0.57,7.0,3.9899999999999998,"Solana Up or Down - March 21, 1:40PM-1:45PM ET"
1774115051,2026-03-21 17:44:11,BUY,Down,0.339999907947583,6.650513,2.2611738078042043,"Solana Up or Down - March 21, 1:40PM-1:45PM ET"
1774115051,2026-03-21 17:44:11,BUY,Down,0.33,6.5,2.145,"Solana Up or Down - March 21, 1:40PM-1:45PM ET"
1774115055,2026-03-21 17:44:15,BUY,Down,0.32,5.1582099999999995,1.6506272,"Solana Up or Down - March 21, 1:40PM-1:45PM ET"
1774115063,2026-03-21 17:44:23,BUY,Up,0.63,7.0,4.41,"Solana Up or Down - March 21, 1:40PM-1:45PM ET"
1774115073,2026-03-21 17:44:33,BUY,Down,0.339999937551,5.692134,1.9353252045319238,"Solana Up or Down - March 21, 1:40PM-1:45PM ET"
1774115073,2026-03-21 17:44:33,BUY,Down,0.35999996119759736,9.154656,3.2956758047773516,"Solana Up or Down - March 21, 1:40PM-1:45PM ET"
1774115091,2026-03-21 17:44:51,BUY,Up,0.58,7.0,4.06,"Solana Up or Down - March 21, 1:40PM-1:45PM ET"
1774115107,2026-03-21 17:45:07,BUY,Down,0.46,5.9,2.7140000000000004,"Solana Up or Down - March 21, 1:45PM-1:50PM ET"
1774115113,2026-03-21 17:45:13,BUY,Down,0.41,2.14811,0.8807250999999999,"Solana Up or Down - March 21, 1:45PM-1:50PM ET"
1774115113,2026-03-21 17:45:13,BUY,Down,0.40999995816325535,7.06584,2.896994104388256,"Solana Up or Down - March 21, 1:45PM-1:50PM ET"
1774115113,2026-03-21 17:45:13,BUY,Down,0.4099999613207503,11.463955,4.700221106582822,"Solana Up or Down - March 21, 1:45PM-1:50PM ET"
1774115115,2026-03-21 17:45:15,BUY,Up,0.61,10.243,6.24823,"Solana Up or Down - March 21, 1:45PM-1:50PM ET"
1774115117,2026-03-21 17:45:17,,,0.0,197.843443,0.0,"Solana Up or Down - March 21, 1:35PM-1:40PM ET"
1774115119,2026-03-21 17:45:19,BUY,Down,0.33999992980644345,9.002866000000001,3.0609738080568167,"Solana Up or Down - March 21, 1:45PM-1:50PM ET"
1774115119,2026-03-21 17:45:19,BUY,Down,0.3399999433333203,7.3184629999999995,2.488277005287001,"Solana Up or Down - March 21, 1:45PM-1:50PM ET"
1774115119,2026-03-21 17:45:19,BUY,Down,0.3399999609195372,15.15967,5.154287207553081,"Solana Up or Down - March 21, 1:45PM-1:50PM ET"
1774115151,2026-03-21 17:45:51,BUY,Up,0.67,7.0,4.69,"Solana Up or Down - March 21, 1:45PM-1:50PM ET"
1774115165,2026-03-21 17:46:05,BUY,Up,0.660000170000085,2.941175,1.941176,"Solana Up or Down - March 21, 1:45PM-1:50PM ET"
1774115179,2026-03-21 17:46:19,BUY,Up,0.64,7.0,4.48,"Solana Up or Down - March 21, 1:45PM-1:50PM ET"
1774115183,2026-03-21 17:46:23,BUY,Up,0.6300001369000863,2.702701,1.702702,"Solana Up or Down - March 21, 1:45PM-1:50PM ET"
1774115183,2026-03-21 17:46:23,BUY,Up,0.64,16.7744,10.735616,"Solana Up or Down - March 21, 1:45PM-1:50PM ET"
1774115183,2026-03-21 17:46:23,BUY,Up,0.64,6.90711,4.420550400000001,"Solana Up or Down - March 21, 1:45PM-1:50PM ET"
1774115183,2026-03-21 17:46:23,BUY,Up,0.64,3.20687,2.0523968,"Solana Up or Down - March 21, 1:45PM-1:50PM ET"
1774115183,2026-03-21 17:46:23,BUY,Up,0.64,6.90711,4.420550400000001,"Solana Up or Down - March 21, 1:45PM-1:50PM ET"
1774115183,2026-03-21 17:46:23,BUY,Up,0.64,6.90711,4.420550400000001,"Solana Up or Down - March 21, 1:45PM-1:50PM ET"
1774115183,2026-03-21 17:46:23,BUY,Up,0.64,16.7744,10.735616,"Solana Up or Down - March 21, 1:45PM-1:50PM ET"
1774115189,2026-03-21 17:46:29,BUY,Up,0.65,6.90943,4.4911295,"Solana Up or Down - March 21, 1:45PM-1:50PM ET"
1774115203,2026-03-21 17:46:43,BUY,Down,0.36,10.301459999999999,3.7085255999999993,"Solana Up or Down - March 21, 1:45PM-1:50PM ET"
1774115205,2026-03-21 17:46:45,BUY,Down,0.35,1.0,0.35,"Solana Up or Down - March 21, 1:45PM-1:50PM ET"
1774115209,2026-03-21 17:46:49,BUY,Up,0.6,5.930034999999999,3.5580209999999997,"Solana Up or Down - March 21, 1:45PM-1:50PM ET"
1774115219,2026-03-21 17:46:59,BUY,Down,0.42,0.06897,0.0289674,"Solana Up or Down - March 21, 1:45PM-1:50PM ET"
1774115219,2026-03-21 17:46:59,BUY,Down,0.42,23.64396,9.9304632,"Solana Up or Down - March 21, 1:45PM-1:50PM ET"
1774115219,2026-03-21 17:46:59,BUY,Down,0.4299999686754886,6.917783999999999,2.974646903303796,"Solana Up or Down - March 21, 1:45PM-1:50PM ET"
1774115219,2026-03-21 17:46:59,BUY,Down,0.429999946620684,9.964348,4.284669108109919,"Solana Up or Down - March 21, 1:45PM-1:50PM ET"
1774115219,2026-03-21 17:46:59,BUY,Down,0.4299999808638702,8.750299,3.7626284025531427,"Solana Up or Down - March 21, 1:45PM-1:50PM ET"
1774115219,2026-03-21 17:46:59,BUY,Down,0.4299999410367777,6.849057,2.9450941061575295,"Solana Up or Down - March 21, 1:45PM-1:50PM ET"
1774115219,2026-03-21 17:46:59,BUY,Down,0.429999962263274,9.918536,4.264970105706925,"Solana Up or Down - March 21, 1:45PM-1:50PM ET"
1774115219,2026-03-21 17:46:59,BUY,Down,0.43,11.49474,4.9427382,"Solana Up or Down - March 21, 1:45PM-1:50PM ET"
1774115221,2026-03-21 17:47:01,BUY,Up,0.59,4.92686,2.9068473999999997,"Solana Up or Down - March 21, 1:45PM-1:50PM ET"
1774115249,2026-03-21 17:47:29,BUY,Up,0.5700000605185548,3.139533,1.789534,"Solana Up or Down - March 21, 1:45PM-1:50PM ET"
1774115255,2026-03-21 17:47:35,BUY,Up,0.57,5.0,2.8499999999999996,"Solana Up or Down - March 21, 1:45PM-1:50PM ET"
1774115257,2026-03-21 17:47:37,BUY,Up,0.57,2.0,1.14,"Solana Up or Down - March 21, 1:45PM-1:50PM ET"
1774115261,2026-03-21 17:47:41,BUY,Up,0.495,15.75005,7.79627475,"Solana Up or Down - March 21, 1:45PM-1:50PM ET"
1774115265,2026-03-21 17:47:45,BUY,Up,0.45,7.0,3.15,"Solana Up or Down - March 21, 1:45PM-1:50PM ET"
1774115269,2026-03-21 17:47:49,BUY,Up,0.44,6.89376,3.0332544,"Solana Up or Down - March 21, 1:45PM-1:50PM ET"
1774115269,2026-03-21 17:47:49,BUY,Up,0.4352139063743782,30.867518,13.433973088861434,"Solana Up or Down - March 21, 1:45PM-1:50PM ET"
1774115273,2026-03-21 17:47:53,BUY,Up,0.39,7.0,2.73,"Solana Up or Down - March 21, 1:45PM-1:50PM ET"
1774115337,2026-03-21 17:48:57,BUY,Down,0.7,4.94488,3.4614160000000003,"Solana Up or Down - March 21, 1:45PM-1:50PM ET"
1774115353,2026-03-21 17:49:13,BUY,Up,0.2,5.03,1.006,"Solana Up or Down - March 21, 1:45PM-1:50PM ET"
1774115353,2026-03-21 17:49:13,BUY,Up,0.2,1.25,0.25,"Solana Up or Down - March 21, 1:45PM-1:50PM ET"
1774115365,2026-03-21 17:49:25,BUY,Down,0.73,7.0,5.109999999999999,"Solana Up or Down - March 21, 1:45PM-1:50PM ET"
1774115365,2026-03-21 17:49:25,BUY,Down,0.74,7.0,5.18,"Solana Up or Down - March 21, 1:45PM-1:50PM ET"
1774115367,2026-03-21 17:49:27,BUY,Down,0.79,1.52,1.2008,"Solana Up or Down - March 21, 1:45PM-1:50PM ET"
1774115367,2026-03-21 17:49:27,BUY,Down,0.790000126000034,5.476189,4.32619,"Solana Up or Down - March 21, 1:45PM-1:50PM ET"
1774115369,2026-03-21 17:49:29,BUY,Down,0.81,7.95263,6.441630300000001,"Solana Up or Down - March 21, 1:45PM-1:50PM ET"
1774115371,2026-03-21 17:49:31,BUY,Down,0.82,9.93341,8.1453962,"Solana Up or Down - March 21, 1:45PM-1:50PM ET"
1774115381,2026-03-21 17:49:41,BUY,Up,0.08,42.69211,3.4153688,"Solana Up or Down - March 21, 1:45PM-1:50PM ET"
1774115393,2026-03-21 17:49:53,BUY,Down,0.98,10.10103,9.899009399999999,"Solana Up or Down - March 21, 1:45PM-1:50PM ET"
1774115393,2026-03-21 17:49:53,BUY,Down,0.98,10.10103,9.899009399999999,"Solana Up or Down - March 21, 1:45PM-1:50PM ET"
1774115395,2026-03-21 17:49:55,BUY,Down,0.98,7.070729999999999,6.929315399999999,"Solana Up or Down - March 21, 1:45PM-1:50PM ET"
1774115395,2026-03-21 17:49:55,BUY,Down,0.98,10.10103,9.899009399999999,"Solana Up or Down - March 21, 1:45PM-1:50PM ET"
1774115395,2026-03-21 17:49:55,BUY,Down,0.98,7.070729999999999,6.929315399999999,"Solana Up or Down - March 21, 1:45PM-1:50PM ET"
1774115395,2026-03-21 17:49:55,BUY,Down,0.98,7.070729999999999,6.929315399999999,"Solana Up or Down - March 21, 1:45PM-1:50PM ET"
1774115395,2026-03-21 17:49:55,BUY,Down,0.98,6.43814,6.309377199999999,"Solana Up or Down - March 21, 1:45PM-1:50PM ET"
1774115395,2026-03-21 17:49:55,BUY,Down,0.98,7.070729999999999,6.929315399999999,"Solana Up or Down - March 21, 1:45PM-1:50PM ET"
1774115395,2026-03-21 17:49:55,BUY,Down,0.98,7.070729999999999,6.929315399999999,"Solana Up or Down - March 21, 1:45PM-1:50PM ET"
1774115395,2026-03-21 17:49:55,BUY,Down,0.98,7.070729999999999,6.929315399999999,"Solana Up or Down - March 21, 1:45PM-1:50PM ET"
1774115407,2026-03-21 17:50:07,,,0.0,197.179638,0.0,"Solana Up or Down - March 21, 1:40PM-1:45PM ET"
1774115407,2026-03-21 17:50:07,BUY,Up,0.47,7.0,3.29,"Solana Up or Down - March 21, 1:50PM-1:55PM ET"
1774115407,2026-03-21 17:50:07,BUY,Down,0.51,7.0,3.5700000000000003,"Solana Up or Down - March 21, 1:50PM-1:55PM ET"
1774115409,2026-03-21 17:50:09,BUY,Down,0.52,7.0,3.64,"Solana Up or Down - March 21, 1:50PM-1:55PM ET"
1774115411,2026-03-21 17:50:11,BUY,Up,0.46,1.85185,0.851851,"Solana Up or Down - March 21, 1:50PM-1:55PM ET"
1774115413,2026-03-21 17:50:13,BUY,Down,0.5100000215600077,5.102039,2.60204,"Solana Up or Down - March 21, 1:50PM-1:55PM ET"
1774115413,2026-03-21 17:50:13,BUY,Down,0.51,1.89,0.9639,"Solana Up or Down - March 21, 1:50PM-1:55PM ET"
1774115413,2026-03-21 17:50:13,BUY,Down,0.52,1.25,0.65,"Solana Up or Down - March 21, 1:50PM-1:55PM ET"
1774115417,2026-03-21 17:50:17,BUY,Up,0.46,1.25,0.5750000000000001,"Solana Up or Down - March 21, 1:50PM-1:55PM ET"
1774115423,2026-03-21 17:50:23,BUY,Up,0.43,0.21,0.09029999999999999,"Solana Up or Down - March 21, 1:50PM-1:55PM ET"
1774115425,2026-03-21 17:50:25,BUY,Up,0.43,6.79,2.9197,"Solana Up or Down - March 21, 1:50PM-1:55PM ET"
1774115425,2026-03-21 17:50:25,BUY,Down,0.5400000187755171,5.326085,2.876086,"Solana Up or Down - March 21, 1:50PM-1:55PM ET"
1774115427,2026-03-21 17:50:27,BUY,Up,0.43000007450981853,5.36842,2.308421,"Solana Up or Down - March 21, 1:50PM-1:55PM ET"
1774115433,2026-03-21 17:50:33,BUY,Up,0.44,7.87858,3.4665752000000003,"Solana Up or Down - March 21, 1:50PM-1:55PM ET"
1774115435,2026-03-21 17:50:35,BUY,Up,0.44,5.0,2.2,"Solana Up or Down - March 21, 1:50PM-1:55PM ET"
1774115435,2026-03-21 17:50:35,BUY,Up,0.45,6.19,2.7855000000000003,"Solana Up or Down - March 21, 1:50PM-1:55PM ET"
1774115441,2026-03-21 17:50:41,BUY,Down,0.44999997946544806,16.783433000000002,7.552544505359724,"Solana Up or Down - March 21, 1:50PM-1:55PM ET"
1774115441,2026-03-21 17:50:41,BUY,Down,0.45,30.52527,13.7363715,"Solana Up or Down - March 21, 1:50PM-1:55PM ET"
1774115491,2026-03-21 17:51:31,BUY,Up,0.4339127178740272,18.930543,8.21420336396114,"Solana Up or Down - March 21, 1:50PM-1:55PM ET"
1774115491,2026-03-21 17:51:31,BUY,Up,0.4399999776507877,7.050428999999999,3.1021886024284653,"Solana Up or Down - March 21, 1:50PM-1:55PM ET"
1774115491,2026-03-21 17:51:31,BUY,Up,0.43999997267080065,7.20711,3.171128203035454,"Solana Up or Down - March 21, 1:50PM-1:55PM ET"
1774115491,2026-03-21 17:51:31,BUY,Up,0.43999997267080065,7.20711,3.171128203035454,"Solana Up or Down - March 21, 1:50PM-1:55PM ET"
1774115491,2026-03-21 17:51:31,BUY,Up,0.56,3.65,2.044,"Solana Up or Down - March 21, 1:50PM-1:55PM ET"
1774115491,2026-03-21 17:51:31,BUY,Up,0.5600001074773163,3.349544,1.875745,"Solana Up or Down - March 21, 1:50PM-1:55PM ET"
1774115493,2026-03-21 17:51:33,BUY,Up,0.43999997927536144,24.710078,10.872433807892564,"Solana Up or Down - March 21, 1:50PM-1:55PM ET"
1774115543,2026-03-21 17:52:23,BUY,Down,0.82,7.0,5.739999999999999,"Solana Up or Down - March 21, 1:50PM-1:55PM ET"
1774115551,2026-03-21 17:52:31,BUY,Down,0.88,7.0,6.16,"Solana Up or Down - March 21, 1:50PM-1:55PM ET"
1774115551,2026-03-21 17:52:31,BUY,Up,0.12,5.98328,0.7179935999999999,"Solana Up or Down - March 21, 1:50PM-1:55PM ET"
1774115555,2026-03-21 17:52:35,BUY,Up,0.12999990313723211,7.821062,1.016737302430287,"Solana Up or Down - March 21, 1:50PM-1:55PM ET"
1774115555,2026-03-21 17:52:35,BUY,Up,0.13980017609513237,7.483563,1.046203425219017,"Solana Up or Down - March 21, 1:50PM-1:55PM ET"
1774115555,2026-03-21 17:52:35,BUY,Down,0.86,7.0,6.02,"Solana Up or Down - March 21, 1:50PM-1:55PM ET"
1774115589,2026-03-21 17:53:09,BUY,Down,0.84,4.9,4.1160000000000005,"Solana Up or Down - March 21, 1:50PM-1:55PM ET"
1774115607,2026-03-21 17:53:27,BUY,Down,0.92,5.0,4.6000000000000005,"Solana Up or Down - March 21, 1:50PM-1:55PM ET"
1774115607,2026-03-21 17:53:27,BUY,Down,0.93,7.0,6.510000000000001,"Solana Up or Down - March 21, 1:50PM-1:55PM ET"
1774115611,2026-03-21 17:53:31,BUY,Up,0.07,8.62086,0.6034602000000001,"Solana Up or Down - March 21, 1:50PM-1:55PM ET"
1774115611,2026-03-21 17:53:31,BUY,Down,0.93,7.0,6.510000000000001,"Solana Up or Down - March 21, 1:50PM-1:55PM ET"
1774115613,2026-03-21 17:53:33,BUY,Up,0.1,13.67226,1.367226,"Solana Up or Down - March 21, 1:50PM-1:55PM ET"
1774115623,2026-03-21 17:53:43,BUY,Down,0.84,7.0,5.88,"Solana Up or Down - March 21, 1:50PM-1:55PM ET"
1774115625,2026-03-21 17:53:45,BUY,Up,0.17,6.96516,1.1840772000000002,"Solana Up or Down - March 21, 1:50PM-1:55PM ET"
1774115633,2026-03-21 17:53:53,BUY,Down,0.85,7.0,5.95,"Solana Up or Down - March 21, 1:50PM-1:55PM ET"
1774115633,2026-03-21 17:53:53,BUY,Down,0.86,7.0,6.02,"Solana Up or Down - March 21, 1:50PM-1:55PM ET"
1774115637,2026-03-21 17:53:57,BUY,Up,0.13,13.95523,1.8141799,"Solana Up or Down - March 21, 1:50PM-1:55PM ET"
1774115641,2026-03-21 17:54:01,BUY,Up,0.1698740907142885,9.489069,1.6119469681001428,"Solana Up or Down - March 21, 1:50PM-1:55PM ET"
1774115641,2026-03-21 17:54:01,BUY,Up,0.16,7.83944,1.2543104,"Solana Up or Down - March 21, 1:50PM-1:55PM ET"
1774115641,2026-03-21 17:54:01,BUY,Down,0.83,2.17,1.8011,"Solana Up or Down - March 21, 1:50PM-1:55PM ET"
1774115643,2026-03-21 17:54:03,BUY,Down,0.84,2.875,2.415,"Solana Up or Down - March 21, 1:50PM-1:55PM ET"
1774115643,2026-03-21 17:54:03,BUY,Down,0.85,7.0,5.95,"Solana Up or Down - March 21, 1:50PM-1:55PM ET"
1774115643,2026-03-21 17:54:03,BUY,Down,0.8300001615497509,4.828234,4.007435,"Solana Up or Down - March 21, 1:50PM-1:55PM ET"
1774115643,2026-03-21 17:54:03,BUY,Down,0.84,4.12,3.4608,"Solana Up or Down - March 21, 1:50PM-1:55PM ET"
1774115693,2026-03-21 17:54:53,BUY,Down,0.99,1.29,1.2771000000000001,"Solana Up or Down - March 21, 1:50PM-1:55PM ET"
1774115693,2026-03-21 17:54:53,BUY,Down,0.99,5.71,5.6529,"Solana Up or Down - March 21, 1:50PM-1:55PM ET"
1774115701,2026-03-21 17:55:01,BUY,Down,0.99,7.0,6.93,"Solana Up or Down - March 21, 1:50PM-1:55PM ET"
1774115709,2026-03-21 17:55:09,,,0.0,269.960777,0.0,"Solana Up or Down - March 21, 1:45PM-1:50PM ET"
1774115713,2026-03-21 17:55:13,BUY,Down,0.45,23.63247,10.6346115,"Solana Up or Down - March 21, 1:55PM-2:00PM ET"
1774115713,2026-03-21 17:55:13,BUY,Down,0.45,12.99786,5.849037,"Solana Up or Down - March 21, 1:55PM-2:00PM ET"
1774115713,2026-03-21 17:55:13,BUY,Down,0.45,6.89281,3.1017645,"Solana Up or Down - March 21, 1:55PM-2:00PM ET"
1774115713,2026-03-21 17:55:13,BUY,Down,0.47,7.0,3.29,"Solana Up or Down - March 21, 1:55PM-2:00PM ET"
1774115765,2026-03-21 17:56:05,BUY,Up,0.55,7.0,3.8500000000000005,"Solana Up or Down - March 21, 1:55PM-2:00PM ET"
1774115765,2026-03-21 17:56:05,BUY,Up,0.54,7.0,3.7800000000000002,"Solana Up or Down - March 21, 1:55PM-2:00PM ET"
1774115765,2026-03-21 17:56:05,BUY,Up,0.52,7.0,3.64,"Solana Up or Down - March 21, 1:55PM-2:00PM ET"
1774115765,2026-03-21 17:56:05,BUY,Up,0.5800000712367622,6.738094,3.9080950000000003,"Solana Up or Down - March 21, 1:55PM-2:00PM ET"
1774115765,2026-03-21 17:56:05,BUY,Up,0.58,0.26,0.1508,"Solana Up or Down - March 21, 1:55PM-2:00PM ET"
1774115765,2026-03-21 17:56:05,BUY,Up,0.5499999724310721,7.143454,3.928899503062632,"Solana Up or Down - March 21, 1:55PM-2:00PM ET"
1774115765,2026-03-21 17:56:05,BUY,Up,0.5499999968589376,31.348822000000002,17.241852001531395,"Solana Up or Down - March 21, 1:55PM-2:00PM ET"
1774115767,2026-03-21 17:56:07,BUY,Up,0.53,7.0,3.71,"Solana Up or Down - March 21, 1:55PM-2:00PM ET"
1774115767,2026-03-21 17:56:07,BUY,Up,0.48999999555219304,13.279194,6.506805000936708,"Solana Up or Down - March 21, 1:55PM-2:00PM ET"
1774115767,2026-03-21 17:56:07,BUY,Up,0.5,7.0,3.5,"Solana Up or Down - March 21, 1:55PM-2:00PM ET"
1774115767,2026-03-21 17:56:07,BUY,Down,0.46000005691714,0.702776,0.323277,"Solana Up or Down - March 21, 1:55PM-2:00PM ET"
1774115767,2026-03-21 17:56:07,BUY,Down,0.45,3.21818,1.448181,"Solana Up or Down - March 21, 1:55PM-2:00PM ET"
1774115805,2026-03-21 17:56:45,BUY,Down,0.48,7.0,3.36,"Solana Up or Down - March 21, 1:55PM-2:00PM ET"
1774115807,2026-03-21 17:56:47,BUY,Down,0.47,7.0,3.29,"Solana Up or Down - March 21, 1:55PM-2:00PM ET"
1774115821,2026-03-21 17:57:01,BUY,Down,0.46,1.86,0.8556,"Solana Up or Down - March 21, 1:55PM-2:00PM ET"
1774115823,2026-03-21 17:57:03,BUY,Down,0.46,5.14,2.3644,"Solana Up or Down - March 21, 1:55PM-2:00PM ET"
1774115829,2026-03-21 17:57:09,BUY,Down,0.3699999757586181,15.462744,5.721214905161718,"Solana Up or Down - March 21, 1:55PM-2:00PM ET"
1774115829,2026-03-21 17:57:09,BUY,Down,0.4,0.5,0.2,"Solana Up or Down - March 21, 1:55PM-2:00PM ET"
1774115829,2026-03-21 17:57:09,BUY,Down,0.4,6.5,2.6,"Solana Up or Down - March 21, 1:55PM-2:00PM ET"
1774115829,2026-03-21 17:57:09,BUY,Down,0.3699999221052503,7.091538,2.6238685076064225,"Solana Up or Down - March 21, 1:55PM-2:00PM ET"
1774115829,2026-03-21 17:57:09,BUY,Down,0.3699999841776305,24.313827,8.996115605297646,"Solana Up or Down - March 21, 1:55PM-2:00PM ET"
1774115829,2026-03-21 17:57:09,BUY,Down,0.36999993358973116,7.278157,2.692917606655637,"Solana Up or Down - March 21, 1:55PM-2:00PM ET"
1774115853,2026-03-21 17:57:33,BUY,Up,0.64,7.0,4.48,"Solana Up or Down - March 21, 1:55PM-2:00PM ET"
1774115883,2026-03-21 17:58:03,BUY,Up,0.68,7.0,4.760000000000001,"Solana Up or Down - March 21, 1:55PM-2:00PM ET"
1774115887,2026-03-21 17:58:07,BUY,Up,0.63,3.87,2.4381,"Solana Up or Down - March 21, 1:55PM-2:00PM ET"
1774115893,2026-03-21 17:58:13,BUY,Up,0.64,7.0,4.48,"Solana Up or Down - March 21, 1:55PM-2:00PM ET"
1774115895,2026-03-21 17:58:15,BUY,Up,0.6299999989221556,18.303504,11.531207500271671,"Solana Up or Down - March 21, 1:55PM-2:00PM ET"
1774115895,2026-03-21 17:58:15,BUY,Up,0.63,23.67399,14.9146137,"Solana Up or Down - March 21, 1:55PM-2:00PM ET"
1774115897,2026-03-21 17:58:17,BUY,Up,0.63,6.35252,4.0020876,"Solana Up or Down - March 21, 1:55PM-2:00PM ET"
1774115905,2026-03-21 17:58:25,BUY,Down,0.3100000414000389,1.449274,0.449275,"Solana Up or Down - March 21, 1:55PM-2:00PM ET"
1774115905,2026-03-21 17:58:25,BUY,Down,0.31,7.0,2.17,"Solana Up or Down - March 21, 1:55PM-2:00PM ET"
1774115905,2026-03-21 17:58:25,BUY,Down,0.3100000414000389,2.898548,0.89855,"Solana Up or Down - March 21, 1:55PM-2:00PM ET"
1774115911,2026-03-21 17:58:31,BUY,Down,0.28,7.0,1.9600000000000002,"Solana Up or Down - March 21, 1:55PM-2:00PM ET"
1774115911,2026-03-21 17:58:31,BUY,Down,0.29,7.0,2.03,"Solana Up or Down - March 21, 1:55PM-2:00PM ET"
1774115911,2026-03-21 17:58:31,BUY,Down,0.3,7.0,2.1,"Solana Up or Down - March 21, 1:55PM-2:00PM ET"
1774115911,2026-03-21 17:58:31,BUY,Down,0.31,2.65,0.8215,"Solana Up or Down - March 21, 1:55PM-2:00PM ET"
1774115913,2026-03-21 17:58:33,BUY,Down,0.3,1.42857,0.428571,"Solana Up or Down - March 21, 1:55PM-2:00PM ET"
1774115917,2026-03-21 17:58:37,BUY,Down,0.29,2.0,0.58,"Solana Up or Down - March 21, 1:55PM-2:00PM ET"
1774115917,2026-03-21 17:58:37,BUY,Down,0.29,5.0,1.45,"Solana Up or Down - March 21, 1:55PM-2:00PM ET"
1774115919,2026-03-21 17:58:39,BUY,Down,0.29,6.94,2.0126,"Solana Up or Down - March 21, 1:55PM-2:00PM ET"
1774115921,2026-03-21 17:58:41,BUY,Down,0.29,7.91522,2.2954138,"Solana Up or Down - March 21, 1:55PM-2:00PM ET"
1774115943,2026-03-21 17:59:03,BUY,Down,0.25,7.0,1.75,"Solana Up or Down - March 21, 1:55PM-2:00PM ET"
1774115965,2026-03-21 17:59:25,BUY,Up,0.7,7.0,4.8999999999999995,"Solana Up or Down - March 21, 1:55PM-2:00PM ET"
1774115965,2026-03-21 17:59:25,BUY,Up,0.71,1.31,0.9301,"Solana Up or Down - March 21, 1:55PM-2:00PM ET"
1774115965,2026-03-21 17:59:25,BUY,Up,0.35,0.98707,0.34547449999999996,"Solana Up or Down - March 21, 1:55PM-2:00PM ET"
1774115965,2026-03-21 17:59:25,BUY,Up,0.30000003313141943,3.018283,0.905485,"Solana Up or Down - March 21, 1:55PM-2:00PM ET"
1774115965,2026-03-21 17:59:25,BUY,Up,0.31,7.0,2.17,"Solana Up or Down - March 21, 1:55PM-2:00PM ET"
1774115965,2026-03-21 17:59:25,BUY,Up,0.35,6.90943,2.4183005,"Solana Up or Down - March 21, 1:55PM-2:00PM ET"
1774115965,2026-03-21 17:59:25,BUY,Up,0.29,3.48,1.0091999999999999,"Solana Up or Down - March 21, 1:55PM-2:00PM ET"
1774115965,2026-03-21 17:59:25,BUY,Up,0.3,7.0,2.1,"Solana Up or Down - March 21, 1:55PM-2:00PM ET"
1774115965,2026-03-21 17:59:25,BUY,Up,0.28,7.0,1.9600000000000002,"Solana Up or Down - March 21, 1:55PM-2:00PM ET"
1774115965,2026-03-21 17:59:25,BUY,Up,0.29,3.52,1.0208,"Solana Up or Down - March 21, 1:55PM-2:00PM ET"
1774115965,2026-03-21 17:59:25,BUY,Up,0.2700002052403458,1.071914,0.28941700000000004,"Solana Up or Down - March 21, 1:55PM-2:00PM ET"
1774115965,2026-03-21 17:59:25,BUY,Up,0.7100001160000239,5.689654,4.039655,"Solana Up or Down - March 21, 1:55PM-2:00PM ET"
1774115965,2026-03-21 17:59:25,BUY,Up,0.3,7.0,2.1,"Solana Up or Down - March 21, 1:55PM-2:00PM ET"
1774115965,2026-03-21 17:59:25,BUY,Up,0.3100000178610021,3.359274,1.0413750000000002,"Solana Up or Down - March 21, 1:55PM-2:00PM ET"
1774115965,2026-03-21 17:59:25,BUY,Up,0.31,3.64,1.1284,"Solana Up or Down - March 21, 1:55PM-2:00PM ET"
1774115997,2026-03-21 17:59:57,BUY,Down,0.91,7.0,6.37,"Solana Up or Down - March 21, 1:55PM-2:00PM ET"
1774115997,2026-03-21 17:59:57,BUY,Down,0.92,7.0,6.44,"Solana Up or Down - March 21, 1:55PM-2:00PM ET"
1774116009,2026-03-21 18:00:09,BUY,Up,0.57,7.0,3.9899999999999998,"Solana Up or Down - March 21, 2:00PM-2:05PM ET"
1774116013,2026-03-21 18:00:13,BUY,Up,0.56,5.19,2.9064000000000005,"Solana Up or Down - March 21, 2:00PM-2:05PM ET"
1774116015,2026-03-21 18:00:15,BUY,Down,0.4200000734667063,5.172411,2.172413,"Solana Up or Down - March 21, 2:00PM-2:05PM ET"
1774116017,2026-03-21 18:00:17,BUY,Down,0.44000008479714403,2.35857,1.037771,"Solana Up or Down - March 21, 2:00PM-2:05PM ET"
1774116017,2026-03-21 18:00:17,BUY,Down,0.41000009648625735,3.834743,1.572245,"Solana Up or Down - March 21, 2:00PM-2:05PM ET"
1774116019,2026-03-21 18:00:19,,,0.0,175.770061,0.0,"Solana Up or Down - March 21, 1:50PM-1:55PM ET"
1774116019,2026-03-21 18:00:19,BUY,Down,0.42,1.82,0.7644,"Solana Up or Down - March 21, 2:00PM-2:05PM ET"
1774116021,2026-03-21 18:00:21,BUY,Down,0.4300000511034613,5.087718,2.187719,"Solana Up or Down - March 21, 2:00PM-2:05PM ET"
1774116029,2026-03-21 18:00:29,BUY,Down,0.4700004052946024,0.962263,0.452264,"Solana Up or Down - March 21, 2:00PM-2:05PM ET"
1774116039,2026-03-21 18:00:39,BUY,Up,0.53,7.0,3.71,"Solana Up or Down - March 21, 2:00PM-2:05PM ET"
1774116051,2026-03-21 18:00:51,BUY,Down,0.46,1.85185,0.851851,"Solana Up or Down - March 21, 2:00PM-2:05PM ET"
1774116055,2026-03-21 18:00:55,BUY,Up,0.53,1.33,0.7049000000000001,"Solana Up or Down - March 21, 2:00PM-2:05PM ET"
1774116055,2026-03-21 18:00:55,BUY,Down,0.45,7.0,3.15,"Solana Up or Down - March 21, 2:00PM-2:05PM ET"
1774116059,2026-03-21 18:00:59,BUY,Up,0.5300000547744503,5.659573,2.9995740000000004,"Solana Up or Down - March 21, 2:00PM-2:05PM ET"
1774116061,2026-03-21 18:01:01,BUY,Down,0.45,7.0,3.15,"Solana Up or Down - March 21, 2:00PM-2:05PM ET"
1774116061,2026-03-21 18:01:01,BUY,Up,0.53,0.01,0.0053,"Solana Up or Down - March 21, 2:00PM-2:05PM ET"
1774116063,2026-03-21 18:01:03,BUY,Up,0.55,7.6608600000000004,4.2134730000000005,"Solana Up or Down - March 21, 2:00PM-2:05PM ET"
1774116065,2026-03-21 18:01:05,BUY,Down,0.35000004850747357,5.153845,1.803846,"Solana Up or Down - March 21, 2:00PM-2:05PM ET"
1774116065,2026-03-21 18:01:05,BUY,Down,0.38,1.91,0.7258,"Solana Up or Down - March 21, 2:00PM-2:05PM ET"
1774116065,2026-03-21 18:01:05,BUY,Down,0.3800000551111237,5.080644,1.9306450000000002,"Solana Up or Down - March 21, 2:00PM-2:05PM ET"
1774116067,2026-03-21 18:01:07,BUY,Down,0.39,4.92926,1.9224114,"Solana Up or Down - March 21, 2:00PM-2:05PM ET"
1774116067,2026-03-21 18:01:07,BUY,Down,0.38,7.0,2.66,"Solana Up or Down - March 21, 2:00PM-2:05PM ET"
1774116067,2026-03-21 18:01:07,BUY,Down,0.3899999692105214,10.566307,4.120859404668916,"Solana Up or Down - March 21, 2:00PM-2:05PM ET"
1774116099,2026-03-21 18:01:39,BUY,Up,0.62,7.0,4.34,"Solana Up or Down - March 21, 2:00PM-2:05PM ET"
1774116105,2026-03-21 18:01:45,BUY,Up,0.645,9.86893,6.365459850000001,"Solana Up or Down - March 21, 2:00PM-2:05PM ET"
1774116107,2026-03-21 18:01:47,BUY,Up,0.6600005872743823,0.647057,0.42705799999999994,"Solana Up or Down - March 21, 2:00PM-2:05PM ET"
1774116117,2026-03-21 18:01:57,BUY,Down,0.16,19.53638,3.1258208,"Solana Up or Down - March 21, 2:00PM-2:05PM ET"
1774116123,2026-03-21 18:02:03,BUY,Up,0.81,7.0,5.67,"Solana Up or Down - March 21, 2:00PM-2:05PM ET"
1774116123,2026-03-21 18:02:03,BUY,Up,0.82,2.13,1.7465999999999997,"Solana Up or Down - March 21, 2:00PM-2:05PM ET"
1774116123,2026-03-21 18:02:03,BUY,Up,0.8200001604205156,4.862221,3.9870219999999996,"Solana Up or Down - March 21, 2:00PM-2:05PM ET"
1774116125,2026-03-21 18:02:05,BUY,Up,0.8,4.9382,3.9505600000000003,"Solana Up or Down - March 21, 2:00PM-2:05PM ET"
1774116125,2026-03-21 18:02:05,BUY,Down,0.16,7.0,1.12,"Solana Up or Down - March 21, 2:00PM-2:05PM ET"
1774116131,2026-03-21 18:02:11,BUY,Up,0.83,7.0,5.81,"Solana Up or Down - March 21, 2:00PM-2:05PM ET"
1774116133,2026-03-21 18:02:13,BUY,Up,0.83,1.81,1.5023,"Solana Up or Down - March 21, 2:00PM-2:05PM ET"
1774116137,2026-03-21 18:02:17,BUY,Up,0.84,6.25,5.25,"Solana Up or Down - March 21, 2:00PM-2:05PM ET"
1774116137,2026-03-21 18:02:17,BUY,Up,0.84,0.75,0.63,"Solana Up or Down - March 21, 2:00PM-2:05PM ET"
1774116155,2026-03-21 18:02:35,BUY,Down,0.13999997048843052,27.685023,3.87590240297152,"Solana Up or Down - March 21, 2:00PM-2:05PM ET"
1774116173,2026-03-21 18:02:53,BUY,Up,0.85,7.0,5.95,"Solana Up or Down - March 21, 2:00PM-2:05PM ET"
1774116173,2026-03-21 18:02:53,BUY,Up,0.86,7.0,6.02,"Solana Up or Down - March 21, 2:00PM-2:05PM ET"
1774116177,2026-03-21 18:02:57,BUY,Up,0.85,7.0,5.95,"Solana Up or Down - March 21, 2:00PM-2:05PM ET"
1774116177,2026-03-21 18:02:57,BUY,Up,0.86,7.0,6.02,"Solana Up or Down - March 21, 2:00PM-2:05PM ET"
1774116191,2026-03-21 18:03:11,BUY,Up,0.89,4.98802,4.4393378,"Solana Up or Down - March 21, 2:00PM-2:05PM ET"
1774116201,2026-03-21 18:03:21,BUY,Up,0.9,2.2554299999999996,2.0298869999999996,"Solana Up or Down - March 21, 2:00PM-2:05PM ET"
1774116207,2026-03-21 18:03:27,BUY,Down,0.08,6.551119999999999,0.5240895999999999,"Solana Up or Down - March 21, 2:00PM-2:05PM ET"
1774116209,2026-03-21 18:03:29,BUY,Up,0.9,1.769,1.5920999999999998,"Solana Up or Down - March 21, 2:00PM-2:05PM ET"
1774116213,2026-03-21 18:03:33,BUY,Up,0.91,7.0,6.37,"Solana Up or Down - March 21, 2:00PM-2:05PM ET"
1774116223,2026-03-21 18:03:43,BUY,Up,0.96,30.98858,29.7490368,"Solana Up or Down - March 21, 2:00PM-2:05PM ET"
1774116225,2026-03-21 18:03:45,BUY,Up,0.96,7.49724,7.1973503999999995,"Solana Up or Down - March 21, 2:00PM-2:05PM ET"
1774116245,2026-03-21 18:04:05,BUY,Down,0.05,37.15903,1.8579515000000002,"Solana Up or Down - March 21, 2:00PM-2:05PM ET"
1774116249,2026-03-21 18:04:09,BUY,Down,0.12999998353618358,46.619669,6.060556202462329,"Solana Up or Down - March 21, 2:00PM-2:05PM ET"
1774116251,2026-03-21 18:04:11,BUY,Up,0.76,1.17,0.8892,"Solana Up or Down - March 21, 2:00PM-2:05PM ET"
1774116251,2026-03-21 18:04:11,BUY,Up,0.74,7.0,5.18,"Solana Up or Down - March 21, 2:00PM-2:05PM ET"
1774116251,2026-03-21 18:04:11,BUY,Up,0.75,4.43,3.3225,"Solana Up or Down - March 21, 2:00PM-2:05PM ET"
1774116251,2026-03-21 18:04:11,BUY,Up,0.7600001483636796,4.583332,3.4833330000000005,"Solana Up or Down - March 21, 2:00PM-2:05PM ET"
1774116251,2026-03-21 18:04:11,BUY,Up,0.75,7.0,5.25,"Solana Up or Down - March 21, 2:00PM-2:05PM ET"
1774116251,2026-03-21 18:04:11,BUY,Up,0.75,2.57,1.9274999999999998,"Solana Up or Down - March 21, 2:00PM-2:05PM ET"
1774116253,2026-03-21 18:04:13,BUY,Up,0.78,7.0,5.46,"Solana Up or Down - March 21, 2:00PM-2:05PM ET"
1774116255,2026-03-21 18:04:15,BUY,Up,0.78,1.54,1.2012,"Solana Up or Down - March 21, 2:00PM-2:05PM ET"
1774116255,2026-03-21 18:04:15,BUY,Up,0.7800001246666999,5.454544,4.254545,"Solana Up or Down - March 21, 2:00PM-2:05PM ET"
1774116261,2026-03-21 18:04:21,BUY,Up,0.79,7.0,5.53,"Solana Up or Down - March 21, 2:00PM-2:05PM ET"
1774116261,2026-03-21 18:04:21,BUY,Down,0.23,4.3,0.989,"Solana Up or Down - March 21, 2:00PM-2:05PM ET"
1774116263,2026-03-21 18:04:23,BUY,Up,0.92,7.0,6.44,"Solana Up or Down - March 21, 2:00PM-2:05PM ET"
1774116263,2026-03-21 18:04:23,BUY,Up,0.93,7.0,6.510000000000001,"Solana Up or Down - March 21, 2:00PM-2:05PM ET"
1774116265,2026-03-21 18:04:25,BUY,Up,0.98,6.99933,6.859343399999999,"Solana Up or Down - March 21, 2:00PM-2:05PM ET"
1774116265,2026-03-21 18:04:25,BUY,Up,0.98,12.4988,12.248823999999999,"Solana Up or Down - March 21, 2:00PM-2:05PM ET"
1774116265,2026-03-21 18:04:25,BUY,Up,0.98,6.99933,6.859343399999999,"Solana Up or Down - March 21, 2:00PM-2:05PM ET"
1774116307,2026-03-21 18:05:07,,,0.0,215.871974,0.0,"Solana Up or Down - March 21, 1:55PM-2:00PM ET"
1774116309,2026-03-21 18:05:09,BUY,Down,0.45,1.81818,0.8181809999999999,"Solana Up or Down - March 21, 2:05PM-2:10PM ET"
1774116309,2026-03-21 18:05:09,BUY,Down,0.45,0.408,0.18359999999999999,"Solana Up or Down - March 21, 2:05PM-2:10PM ET"
1774116309,2026-03-21 18:05:09,BUY,Down,0.46,5.14,2.3644,"Solana Up or Down - March 21, 2:05PM-2:10PM ET"
1774116309,2026-03-21 18:05:09,BUY,Down,0.46,1.85185,0.851851,"Solana Up or Down - March 21, 2:05PM-2:10PM ET"
1774116309,2026-03-21 18:05:09,BUY,Down,0.44,7.0,3.08,"Solana Up or Down - March 21, 2:05PM-2:10PM ET"
1774116309,2026-03-21 18:05:09,BUY,Down,0.45,7.0,3.15,"Solana Up or Down - March 21, 2:05PM-2:10PM ET"
1774116311,2026-03-21 18:05:11,BUY,Up,0.51,4.89,2.4939,"Solana Up or Down - March 21, 2:05PM-2:10PM ET"
1774116315,2026-03-21 18:05:15,BUY,Down,0.5,6.89063,3.445315,"Solana Up or Down - March 21, 2:05PM-2:10PM ET"
1774116315,2026-03-21 18:05:15,BUY,Down,0.5,7.63875,3.819375,"Solana Up or Down - March 21, 2:05PM-2:10PM ET"
1774116315,2026-03-21 18:05:15,BUY,Down,0.5,6.89063,3.445315,"Solana Up or Down - March 21, 2:05PM-2:10PM ET"
1774116317,2026-03-21 18:05:17,BUY,Up,0.43,7.0,3.01,"Solana Up or Down - March 21, 2:05PM-2:10PM ET"
1774116317,2026-03-21 18:05:17,BUY,Up,0.43,30.53443,13.1298049,"Solana Up or Down - March 21, 2:05PM-2:10PM ET"
1774116321,2026-03-21 18:05:21,BUY,Up,0.4300000173898359,5.175437,2.225438,"Solana Up or Down - March 21, 2:05PM-2:10PM ET"
1774116327,2026-03-21 18:05:27,BUY,Up,0.42000000285770667,6.998619,2.93942,"Solana Up or Down - March 21, 2:05PM-2:10PM ET"
1774116329,2026-03-21 18:05:29,BUY,Up,0.41,7.0,2.8699999999999997,"Solana Up or Down - March 21, 2:05PM-2:10PM ET"
1774116335,2026-03-21 18:05:35,BUY,Up,0.38,4.30645,1.6364509999999999,"Solana Up or Down - March 21, 2:05PM-2:10PM ET"
1774116339,2026-03-21 18:05:39,BUY,Up,0.39,7.88681,3.0758559,"Solana Up or Down - March 21, 2:05PM-2:10PM ET"
1774116345,2026-03-21 18:05:45,BUY,Up,0.37,1.5873,0.587301,"Solana Up or Down - March 21, 2:05PM-2:10PM ET"
1774116345,2026-03-21 18:05:45,BUY,Up,0.37,4.32,1.5984,"Solana Up or Down - March 21, 2:05PM-2:10PM ET"
1774116391,2026-03-21 18:06:31,BUY,Down,0.71,9.89402,7.024754199999999,"Solana Up or Down - March 21, 2:05PM-2:10PM ET"
1774116393,2026-03-21 18:06:33,BUY,Up,0.24,5.0,1.2,"Solana Up or Down - March 21, 2:05PM-2:10PM ET"
1774116393,2026-03-21 18:06:33,BUY,Down,0.6900001001133388,5.693547,3.9285479999999997,"Solana Up or Down - March 21, 2:05PM-2:10PM ET"
1774116393,2026-03-21 18:06:33,BUY,Down,0.7,1.05,0.735,"Solana Up or Down - March 21, 2:05PM-2:10PM ET"
1774116393,2026-03-21 18:06:33,BUY,Down,0.69,1.3,0.8969999999999999,"Solana Up or Down - March 21, 2:05PM-2:10PM ET"
1774116393,2026-03-21 18:06:33,BUY,Down,0.7100000785416863,6.620688,4.700689000000001,"Solana Up or Down - March 21, 2:05PM-2:10PM ET"
1774116393,2026-03-21 18:06:33,BUY,Up,0.23000002349621299,3.404804,0.7831049999999999,"Solana Up or Down - March 21, 2:05PM-2:10PM ET"
1774116393,2026-03-21 18:06:33,BUY,Down,0.7200011946695338,0.535713,0.38571399999999995,"Solana Up or Down - March 21, 2:05PM-2:10PM ET"
1774116395,2026-03-21 18:06:35,BUY,Down,0.7000001009704607,5.942332,4.159633,"Solana Up or Down - March 21, 2:05PM-2:10PM ET"
1774116395,2026-03-21 18:06:35,BUY,Down,0.71,0.37,0.2627,"Solana Up or Down - March 21, 2:05PM-2:10PM ET"
1774116395,2026-03-21 18:06:35,BUY,Down,0.62,7.0,4.34,"Solana Up or Down - March 21, 2:05PM-2:10PM ET"
1774116395,2026-03-21 18:06:35,BUY,Up,0.36,2.1905400000000004,0.7885944000000001,"Solana Up or Down - March 21, 2:05PM-2:10PM ET"
1774116397,2026-03-21 18:06:37,BUY,Up,0.36,2.945,1.0601999999999998,"Solana Up or Down - March 21, 2:05PM-2:10PM ET"
1774116399,2026-03-21 18:06:39,BUY,Down,0.55,13.409640000000001,7.375302000000001,"Solana Up or Down - March 21, 2:05PM-2:10PM ET"
1774116399,2026-03-21 18:06:39,BUY,Down,0.6,7.0,4.2,"Solana Up or Down - March 21, 2:05PM-2:10PM ET"
1774116399,2026-03-21 18:06:39,BUY,Down,0.5499999467312142,7.3940980000000005,4.0667535061253774,"Solana Up or Down - March 21, 2:05PM-2:10PM ET"
1774116399,2026-03-21 18:06:39,BUY,Down,0.5499999939857844,32.745284000000005,18.009906003062802,"Solana Up or Down - March 21, 2:05PM-2:10PM ET"
1774116407,2026-03-21 18:06:47,BUY,Up,0.32,6.0,1.92,"Solana Up or Down - March 21, 2:05PM-2:10PM ET"
1774116413,2026-03-21 18:06:53,BUY,Up,0.3,0.69,0.207,"Solana Up or Down - March 21, 2:05PM-2:10PM ET"
1774116413,2026-03-21 18:06:53,BUY,Up,0.31,7.38456,2.2892136,"Solana Up or Down - March 21, 2:05PM-2:10PM ET"
1774116413,2026-03-21 18:06:53,BUY,Up,0.31,7.0,2.17,"Solana Up or Down - March 21, 2:05PM-2:10PM ET"
1774116413,2026-03-21 18:06:53,BUY,Up,0.32,1.0,0.32,"Solana Up or Down - March 21, 2:05PM-2:10PM ET"
1774116413,2026-03-21 18:06:53,BUY,Up,0.33,7.0,2.31,"Solana Up or Down - March 21, 2:05PM-2:10PM ET"
1774116413,2026-03-21 18:06:53,BUY,Up,0.3099999238839133,7.143155,2.2143775062909947,"Solana Up or Down - March 21, 2:05PM-2:10PM ET"
1774116413,2026-03-21 18:06:53,BUY,Up,0.3099999358203007,8.163613,2.5307195060617724,"Solana Up or Down - March 21, 2:05PM-2:10PM ET"
1774116413,2026-03-21 18:06:53,BUY,Up,0.3099999588281224,16.327218,5.061436907777779,"Solana Up or Down - March 21, 2:05PM-2:10PM ET"
1774116415,2026-03-21 18:06:55,BUY,Up,0.32,6.2069,1.986208,"Solana Up or Down - March 21, 2:05PM-2:10PM ET"
1774116415,2026-03-21 18:06:55,BUY,Up,0.3099999588281224,16.327218,5.061436907777779,"Solana Up or Down - March 21, 2:05PM-2:10PM ET"
1774116417,2026-03-21 18:06:57,BUY,Down,0.62,3.0,1.8599999999999999,"Solana Up or Down - March 21, 2:05PM-2:10PM ET"
1774116443,2026-03-21 18:07:23,BUY,Down,0.59,1.03,0.6077,"Solana Up or Down - March 21, 2:05PM-2:10PM ET"
1774116443,2026-03-21 18:07:23,BUY,Down,0.58,7.0,4.06,"Solana Up or Down - March 21, 2:05PM-2:10PM ET"
1774116443,2026-03-21 18:07:23,BUY,Down,0.59,7.0,4.13,"Solana Up or Down - March 21, 2:05PM-2:10PM ET"
1774116443,2026-03-21 18:07:23,BUY,Down,0.59,7.0,4.13,"Solana Up or Down - March 21, 2:05PM-2:10PM ET"
1774116445,2026-03-21 18:07:25,BUY,Down,0.6099999825714262,9.616087,5.865812902405318,"Solana Up or Down - March 21, 2:05PM-2:10PM ET"
1774116445,2026-03-21 18:07:25,BUY,Down,0.6099999952031452,24.662442,15.044089501697846,"Solana Up or Down - March 21, 2:05PM-2:10PM ET"
1774116445,2026-03-21 18:07:25,BUY,Down,0.6,3.13,1.878,"Solana Up or Down - March 21, 2:05PM-2:10PM ET"
1774116447,2026-03-21 18:07:27,BUY,Up,0.36,0.9525,0.3429,"Solana Up or Down - March 21, 2:05PM-2:10PM ET"
1774116449,2026-03-21 18:07:29,BUY,Up,0.34,7.0,2.3800000000000003,"Solana Up or Down - March 21, 2:05PM-2:10PM ET"
1774116451,2026-03-21 18:07:31,BUY,Up,0.34,5.0,1.7000000000000002,"Solana Up or Down - March 21, 2:05PM-2:10PM ET"
1774116465,2026-03-21 18:07:45,BUY,Down,0.64,6.84544,4.3810816,"Solana Up or Down - March 21, 2:05PM-2:10PM ET"
1774116465,2026-03-21 18:07:45,BUY,Down,0.66,7.0,4.62,"Solana Up or Down - March 21, 2:05PM-2:10PM ET"
1774116465,2026-03-21 18:07:45,BUY,Up,0.32,22.72774,7.272876800000001,"Solana Up or Down - March 21, 2:05PM-2:10PM ET"
1774116465,2026-03-21 18:07:45,BUY,Up,0.32,6.91714,2.2134848,"Solana Up or Down - March 21, 2:05PM-2:10PM ET"
1774116465,2026-03-21 18:07:45,BUY,Up,0.32,30.63304,9.8025728,"Solana Up or Down - March 21, 2:05PM-2:10PM ET"
1774116483,2026-03-21 18:08:03,BUY,Down,0.6300001369000863,2.702701,1.702702,"Solana Up or Down - March 21, 2:05PM-2:10PM ET"
1774116497,2026-03-21 18:08:17,BUY,Down,0.68,7.0,4.760000000000001,"Solana Up or Down - March 21, 2:05PM-2:10PM ET"
1774116497,2026-03-21 18:08:17,BUY,Down,0.67,6.91446,4.6326882000000005,"Solana Up or Down - March 21, 2:05PM-2:10PM ET"
1774116497,2026-03-21 18:08:17,BUY,Down,0.67,5.2451099999999995,3.5142237,"Solana Up or Down - March 21, 2:05PM-2:10PM ET"
1774116497,2026-03-21 18:08:17,BUY,Down,0.669999982658822,12.531526,8.396122202688577,"Solana Up or Down - March 21, 2:05PM-2:10PM ET"
1774116513,2026-03-21 18:08:33,BUY,Down,0.550000120000048,3.333332,1.833333,"Solana Up or Down - March 21, 2:05PM-2:10PM ET"
1774116513,2026-03-21 18:08:33,BUY,Down,0.55,3.66,2.0130000000000003,"Solana Up or Down - March 21, 2:05PM-2:10PM ET"
1774116515,2026-03-21 18:08:35,BUY,Down,0.6099999864228917,10.165584,6.201006101980766,"Solana Up or Down - March 21, 2:05PM-2:10PM ET"
1774116515,2026-03-21 18:08:35,BUY,Down,0.5635774456274131,12.267759,6.9138322807927075,"Solana Up or Down - March 21, 2:05PM-2:10PM ET"
1774116515,2026-03-21 18:08:35,BUY,Down,0.57,3.48684,1.9874987999999998,"Solana Up or Down - March 21, 2:05PM-2:10PM ET"
1774116521,2026-03-21 18:08:41,BUY,Up,0.41,7.88297,3.2320177,"Solana Up or Down - March 21, 2:05PM-2:10PM ET"
1774116539,2026-03-21 18:08:59,BUY,Up,0.38000014880011307,1.612902,0.612903,"Solana Up or Down - March 21, 2:05PM-2:10PM ET"
1774116545,2026-03-21 18:09:05,BUY,Up,0.42,4.92583,2.0688486,"Solana Up or Down - March 21, 2:05PM-2:10PM ET"
1774116551,2026-03-21 18:09:11,BUY,Up,0.43,3.68384,1.5840512,"Solana Up or Down - March 21, 2:05PM-2:10PM ET"
1774116551,2026-03-21 18:09:11,BUY,Up,0.42,4.92583,2.0688486,"Solana Up or Down - March 21, 2:05PM-2:10PM ET"
1774116553,2026-03-21 18:09:13,BUY,Up,0.44,9.84822,4.3332168,"Solana Up or Down - March 21, 2:05PM-2:10PM ET"
1774116555,2026-03-21 18:09:15,BUY,Down,0.5699999684753334,11.560581,6.589530805556539,"Solana Up or Down - March 21, 2:05PM-2:10PM ET"
1774116555,2026-03-21 18:09:15,BUY,Down,0.5699999410344744,7.015836,3.9990261063075425,"Solana Up or Down - March 21, 2:05PM-2:10PM ET"
1774116555,2026-03-21 18:09:15,BUY,Down,0.5699999848303388,25.97241,14.804273306007339,"Solana Up or Down - March 21, 2:05PM-2:10PM ET"
1774116565,2026-03-21 18:09:25,BUY,Up,0.5300003664410133,1.255318,0.665319,"Solana Up or Down - March 21, 2:05PM-2:10PM ET"
1774116565,2026-03-21 18:09:25,BUY,Up,0.48,7.0,3.36,"Solana Up or Down - March 21, 2:05PM-2:10PM ET"
1774116569,2026-03-21 18:09:29,BUY,Up,0.6,0.75,0.44999999999999996,"Solana Up or Down - March 21, 2:05PM-2:10PM ET"
1774116589,2026-03-21 18:09:49,BUY,Up,0.97,7.0,6.79,"Solana Up or Down - March 21, 2:05PM-2:10PM ET"
1774116591,2026-03-21 18:09:51,BUY,Up,0.98,0.06,0.0588,"Solana Up or Down - March 21, 2:05PM-2:10PM ET"
1774116591,2026-03-21 18:09:51,BUY,Up,0.98,0.03,0.0294,"Solana Up or Down - March 21, 2:05PM-2:10PM ET"
1774116591,2026-03-21 18:09:51,BUY,Up,0.99,10.08056,9.979754400000001,"Solana Up or Down - March 21, 2:05PM-2:10PM ET"
1774116591,2026-03-21 18:09:51,BUY,Up,0.99,10.08056,9.979754400000001,"Solana Up or Down - March 21, 2:05PM-2:10PM ET"
1774116593,2026-03-21 18:09:53,BUY,Up,0.99,10.08056,9.979754400000001,"Solana Up or Down - March 21, 2:05PM-2:10PM ET"
1774116593,2026-03-21 18:09:53,BUY,Up,0.99,10.08056,9.979754400000001,"Solana Up or Down - March 21, 2:05PM-2:10PM ET"
1774116595,2026-03-21 18:09:55,BUY,Up,0.98,1.1,1.078,"Solana Up or Down - March 21, 2:05PM-2:10PM ET"
1774116607,2026-03-21 18:10:07,,,0.0,256.850447,0.0,"Solana Up or Down - March 21, 2:00PM-2:05PM ET"
1774116609,2026-03-21 18:10:09,BUY,Up,0.49,7.0,3.4299999999999997,"Solana Up or Down - March 21, 2:10PM-2:15PM ET"
1774116609,2026-03-21 18:10:09,BUY,Down,0.5,5.3,2.65,"Solana Up or Down - March 21, 2:10PM-2:15PM ET"
1774116611,2026-03-21 18:10:11,BUY,Up,0.49,5.0,2.45,"Solana Up or Down - March 21, 2:10PM-2:15PM ET"
1774116613,2026-03-21 18:10:13,BUY,Up,0.49,2.0,0.98,"Solana Up or Down - March 21, 2:10PM-2:15PM ET"
1774116613,2026-03-21 18:10:13,BUY,Down,0.4900000795034977,3.396077,1.664078,"Solana Up or Down - March 21, 2:10PM-2:15PM ET"
1774116613,2026-03-21 18:10:13,BUY,Down,0.49,3.6,1.764,"Solana Up or Down - March 21, 2:10PM-2:15PM ET"
1774116623,2026-03-21 18:10:23,BUY,Down,0.5,7.0,3.5,"Solana Up or Down - March 21, 2:10PM-2:15PM ET"
1774116641,2026-03-21 18:10:41,BUY,Down,0.5,2.0,1.0,"Solana Up or Down - March 21, 2:10PM-2:15PM ET"
1774116647,2026-03-21 18:10:47,BUY,Up,0.5,3.4,1.7,"Solana Up or Down - March 21, 2:10PM-2:15PM ET"
1774116653,2026-03-21 18:10:53,BUY,Down,0.5,4.76,2.38,"Solana Up or Down - March 21, 2:10PM-2:15PM ET"
1774116659,2026-03-21 18:10:59,BUY,Up,0.5100000384313846,5.20408,2.654081,"Solana Up or Down - March 21, 2:10PM-2:15PM ET"
1774116667,2026-03-21 18:11:07,BUY,Up,0.51,5.0,2.55,"Solana Up or Down - March 21, 2:10PM-2:15PM ET"
1774116671,2026-03-21 18:11:11,BUY,Up,0.4,6.0,2.4000000000000004,"Solana Up or Down - March 21, 2:10PM-2:15PM ET"
1774116671,2026-03-21 18:11:11,BUY,Up,0.4,1.0,0.4,"Solana Up or Down - March 21, 2:10PM-2:15PM ET"
1774116671,2026-03-21 18:11:11,BUY,Up,0.3700000279689377,2.860316,1.0583170000000002,"Solana Up or Down - March 21, 2:10PM-2:15PM ET"
1774116673,2026-03-21 18:11:13,BUY,Up,0.4,15.597119999999999,6.238848,"Solana Up or Down - March 21, 2:10PM-2:15PM ET"
1774116673,2026-03-21 18:11:13,BUY,Up,0.4,7.07168,2.828672,"Solana Up or Down - March 21, 2:10PM-2:15PM ET"
1774116673,2026-03-21 18:11:13,BUY,Up,0.37,4.13,1.5281,"Solana Up or Down - March 21, 2:10PM-2:15PM ET"
1774116711,2026-03-21 18:11:51,BUY,Down,0.62,3.83,2.3746,"Solana Up or Down - March 21, 2:10PM-2:15PM ET"
1774116711,2026-03-21 18:11:51,BUY,Down,0.62,3.17,1.9654,"Solana Up or Down - March 21, 2:10PM-2:15PM ET"
1774116715,2026-03-21 18:11:55,BUY,Down,0.63,7.0,4.41,"Solana Up or Down - March 21, 2:10PM-2:15PM ET"
1774116717,2026-03-21 18:11:57,BUY,Down,0.640000101946964,3.138887,2.008888,"Solana Up or Down - March 21, 2:10PM-2:15PM ET"
1774116725,2026-03-21 18:12:05,BUY,Down,0.610000109200024,5.128204,3.128205,"Solana Up or Down - March 21, 2:10PM-2:15PM ET"
1774116725,2026-03-21 18:12:05,BUY,Down,0.61,7.0,4.27,"Solana Up or Down - March 21, 2:10PM-2:15PM ET"
1774116743,2026-03-21 18:12:23,BUY,Down,0.63,3.63,2.2869,"Solana Up or Down - March 21, 2:10PM-2:15PM ET"
1774116751,2026-03-21 18:12:31,BUY,Up,0.37999995415312715,11.184714000000001,4.25019080721584,"Solana Up or Down - March 21, 2:10PM-2:15PM ET"
1774116751,2026-03-21 18:12:31,BUY,Down,0.5299999884243354,11.906728000000001,6.3105657021717105,"Solana Up or Down - March 21, 2:10PM-2:15PM ET"
1774116751,2026-03-21 18:12:31,BUY,Down,0.5199999942581087,27.431383,14.264319002491982,"Solana Up or Down - March 21, 2:10PM-2:15PM ET"
1774116751,2026-03-21 18:12:31,BUY,Down,0.5600001013825624,2.367271,1.325672,"Solana Up or Down - March 21, 2:10PM-2:15PM ET"
1774116751,2026-03-21 18:12:31,BUY,Down,0.5217531922481997,12.056538,6.290537188961725,"Solana Up or Down - March 21, 2:10PM-2:15PM ET"
1774116751,2026-03-21 18:12:31,BUY,Down,0.55,7.0,3.8500000000000005,"Solana Up or Down - March 21, 2:10PM-2:15PM ET"
1774116751,2026-03-21 18:12:31,BUY,Down,0.56,4.63,2.5928,"Solana Up or Down - March 21, 2:10PM-2:15PM ET"
1774116807,2026-03-21 18:13:27,BUY,Up,0.4499999816219356,18.752803,8.43876100535978,"Solana Up or Down - March 21, 2:10PM-2:15PM ET"
1774116807,2026-03-21 18:13:27,BUY,Up,0.4299999773967443,18.302334,7.870003206307664,"Solana Up or Down - March 21, 2:10PM-2:15PM ET"
1774116807,2026-03-21 18:13:27,BUY,Up,0.46,2.0,0.92,"Solana Up or Down - March 21, 2:10PM-2:15PM ET"
1774116807,2026-03-21 18:13:27,BUY,Up,0.46,5.0,2.3000000000000003,"Solana Up or Down - March 21, 2:10PM-2:15PM ET"
1774116807,2026-03-21 18:13:27,BUY,Up,0.47,7.0,3.29,"Solana Up or Down - March 21, 2:10PM-2:15PM ET"
1774116807,2026-03-21 18:13:27,BUY,Up,0.48,7.0,3.36,"Solana Up or Down - March 21, 2:10PM-2:15PM ET"
1774116807,2026-03-21 18:13:27,BUY,Up,0.4299999699392027,7.536261,3.2405920034539855,"Solana Up or Down - March 21, 2:10PM-2:15PM ET"
1774116807,2026-03-21 18:13:27,BUY,Up,0.44999991382976706,5.142251,2.3140125068910335,"Solana Up or Down - March 21, 2:10PM-2:15PM ET"
1774116807,2026-03-21 18:13:27,BUY,Up,0.4472809254068422,7.243174,3.239733569602779,"Solana Up or Down - March 21, 2:10PM-2:15PM ET"
1774116807,2026-03-21 18:13:27,BUY,Up,0.48,7.0,3.36,"Solana Up or Down - March 21, 2:10PM-2:15PM ET"
1774116843,2026-03-21 18:14:03,BUY,Up,0.13137623006714902,8.876723,1.1661904030903532,"Solana Up or Down - March 21, 2:10PM-2:15PM ET"
1774116843,2026-03-21 18:14:03,BUY,Down,0.85,7.0,5.95,"Solana Up or Down - March 21, 2:10PM-2:15PM ET"
1774116883,2026-03-21 18:14:43,BUY,Down,0.99,9.99976,9.8997624,"Solana Up or Down - March 21, 2:10PM-2:15PM ET"
1774116883,2026-03-21 18:14:43,BUY,Down,0.99,9.99976,9.8997624,"Solana Up or Down - March 21, 2:10PM-2:15PM ET"
1774116883,2026-03-21 18:14:43,BUY,Down,0.99,9.99976,9.8997624,"Solana Up or Down - March 21, 2:10PM-2:15PM ET"
1774116883,2026-03-21 18:14:43,BUY,Down,0.99,9.99976,9.8997624,"Solana Up or Down - March 21, 2:10PM-2:15PM ET"
1774116885,2026-03-21 18:14:45,BUY,Down,0.99,8.525,8.43975,"Solana Up or Down - March 21, 2:10PM-2:15PM ET"
1774116887,2026-03-21 18:14:47,BUY,Down,0.99,6.99983,6.9298317,"Solana Up or Down - March 21, 2:10PM-2:15PM ET"
1774116887,2026-03-21 18:14:47,BUY,Down,0.99,6.99983,6.9298317,"Solana Up or Down - March 21, 2:10PM-2:15PM ET"
1774116887,2026-03-21 18:14:47,BUY,Down,0.99,13.99966,13.8596634,"Solana Up or Down - March 21, 2:10PM-2:15PM ET"
1774116891,2026-03-21 18:14:51,BUY,Up,0.07,0.14984999999999998,0.0104895,"Solana Up or Down - March 21, 2:10PM-2:15PM ET"
1774116891,2026-03-21 18:14:51,BUY,Up,0.09,4.99162,0.4492458,"Solana Up or Down - March 21, 2:10PM-2:15PM ET"
1774116891,2026-03-21 18:14:51,BUY,Up,0.05,4.99718,0.24985900000000003,"Solana Up or Down - March 21, 2:10PM-2:15PM ET"
1774116895,2026-03-21 18:14:55,BUY,Down,0.9,10.46765,9.420885,"Solana Up or Down - March 21, 2:10PM-2:15PM ET"
1774116897,2026-03-21 18:14:57,BUY,Down,0.379999948932793,6.565503,2.494890804718099,"Solana Up or Down - March 21, 2:10PM-2:15PM ET"
1774116897,2026-03-21 18:14:57,BUY,Down,0.3,0.95,0.285,"Solana Up or Down - March 21, 2:10PM-2:15PM ET"
1774116897,2026-03-21 18:14:57,BUY,Down,0.3,7.0,2.1,"Solana Up or Down - March 21, 2:10PM-2:15PM ET"
1774116897,2026-03-21 18:14:57,BUY,Down,0.31,6.99,2.1669,"Solana Up or Down - March 21, 2:10PM-2:15PM ET"
1774116897,2026-03-21 18:14:57,BUY,Up,0.63,6.90492,4.3500996,"Solana Up or Down - March 21, 2:10PM-2:15PM ET"
1774116897,2026-03-21 18:14:57,BUY,Up,0.63,2.02,1.2726,"Solana Up or Down - March 21, 2:10PM-2:15PM ET"
1774116897,2026-03-21 18:14:57,BUY,Up,0.63,4.98,3.1374000000000004,"Solana Up or Down - March 21, 2:10PM-2:15PM ET"
1774116897,2026-03-21 18:14:57,BUY,Up,0.64,0.02,0.0128,"Solana Up or Down - March 21, 2:10PM-2:15PM ET"
1774116899,2026-03-21 18:14:59,BUY,Up,0.65,5.0,3.25,"Solana Up or Down - March 21, 2:10PM-2:15PM ET"
1774116899,2026-03-21 18:14:59,BUY,Up,0.6400000515923698,6.977776,4.465777,"Solana Up or Down - March 21, 2:10PM-2:15PM ET"
1774116899,2026-03-21 18:14:59,BUY,Up,0.65,7.0,4.55,"Solana Up or Down - March 21, 2:10PM-2:15PM ET"
1774116899,2026-03-21 18:14:59,BUY,Down,0.21999988468963608,6.5423979999999995,1.4393268055937056,"Solana Up or Down - March 21, 2:10PM-2:15PM ET"
1774116899,2026-03-21 18:14:59,BUY,Down,0.30000003309693296,6.042856,1.8128569999999997,"Solana Up or Down - March 21, 2:10PM-2:15PM ET"
1774116909,2026-03-21 18:15:09,,,0.0,340.109624,0.0,"Solana Up or Down - March 21, 2:05PM-2:10PM ET"
1774116909,2026-03-21 18:15:09,BUY,Up,0.46,1.0,0.46,"Solana Up or Down - March 21, 2:15PM-2:20PM ET"
1774116913,2026-03-21 18:15:13,BUY,Up,0.4,7.0,2.8000000000000003,"Solana Up or Down - March 21, 2:15PM-2:20PM ET"
1774116913,2026-03-21 18:15:13,BUY,Up,0.46000007471701776,5.888886,2.708888,"Solana Up or Down - March 21, 2:15PM-2:20PM ET"
1774116919,2026-03-21 18:15:19,BUY,Up,0.4,4.928,1.9712,"Solana Up or Down - March 21, 2:15PM-2:20PM ET"
1774116919,2026-03-21 18:15:19,BUY,Up,0.39000002517461013,5.163933,2.013934,"Solana Up or Down - March 21, 2:15PM-2:20PM ET"
1774116935,2026-03-21 18:15:35,BUY,Down,0.61,7.0,4.27,"Solana Up or Down - March 21, 2:15PM-2:20PM ET"
1774116941,2026-03-21 18:15:41,BUY,Up,0.3345050169581028,14.378461999999999,4.809667675141436,"Solana Up or Down - March 21, 2:15PM-2:20PM ET"
1774116943,2026-03-21 18:15:43,BUY,Up,0.3,7.0,2.1,"Solana Up or Down - March 21, 2:15PM-2:20PM ET"
1774117001,2026-03-21 18:16:41,BUY,Down,0.6299999581549689,8.486312,5.34637620489001,"Solana Up or Down - March 21, 2:15PM-2:20PM ET"
1774117001,2026-03-21 18:16:41,BUY,Down,0.6299999782180743,5.887181,3.708923901765861,"Solana Up or Down - March 21, 2:15PM-2:20PM ET"
1774117001,2026-03-21 18:16:41,BUY,Down,0.6299999767678917,7.218069000000001,4.547383302309039,"Solana Up or Down - March 21, 2:15PM-2:20PM ET"
1774117001,2026-03-21 18:16:41,BUY,Down,0.6200526138452898,17.844167000000002,11.064322390241864,"Solana Up or Down - March 21, 2:15PM-2:20PM ET"
1774117001,2026-03-21 18:16:41,BUY,Down,0.6299999781818142,7.233722,4.55724470217331,"Solana Up or Down - March 21, 2:15PM-2:20PM ET"
1774117001,2026-03-21 18:16:41,BUY,Down,0.6299999781818142,7.233722,4.55724470217331,"Solana Up or Down - March 21, 2:15PM-2:20PM ET"
1774117001,2026-03-21 18:16:41,BUY,Down,0.65,3.28,2.132,"Solana Up or Down - March 21, 2:15PM-2:20PM ET"
1774117001,2026-03-21 18:16:41,BUY,Down,0.6500001344602898,3.71857,2.417071,"Solana Up or Down - March 21, 2:15PM-2:20PM ET"
1774117003,2026-03-21 18:16:43,BUY,Down,0.6299999929345782,16.753414000000003,10.554650701630065,"Solana Up or Down - March 21, 2:15PM-2:20PM ET"
1774117015,2026-03-21 18:16:55,BUY,Up,0.35421219721797526,17.051766,6.039943501306765,"Solana Up or Down - March 21, 2:15PM-2:20PM ET"
1774117015,2026-03-21 18:16:55,BUY,Down,0.56,6.89376,3.8605056000000006,"Solana Up or Down - March 21, 2:15PM-2:20PM ET"
1774117015,2026-03-21 18:16:55,BUY,Down,0.56,8.12478,4.5498768,"Solana Up or Down - March 21, 2:15PM-2:20PM ET"
1774117039,2026-03-21 18:17:19,BUY,Up,0.51,3.82,1.9482,"Solana Up or Down - March 21, 2:15PM-2:20PM ET"
1774117041,2026-03-21 18:17:21,BUY,Up,0.49,7.0,3.4299999999999997,"Solana Up or Down - March 21, 2:15PM-2:20PM ET"
1774117041,2026-03-21 18:17:21,BUY,Up,0.51,7.0,3.5700000000000003,"Solana Up or Down - March 21, 2:15PM-2:20PM ET"
1774117041,2026-03-21 18:17:21,BUY,Up,0.44999995807452503,7.045974,3.1706880045941936,"Solana Up or Down - March 21, 2:15PM-2:20PM ET"
1774117041,2026-03-21 18:17:21,BUY,Up,0.44999998849104744,17.111656,7.700245003062763,"Solana Up or Down - March 21, 2:15PM-2:20PM ET"
1774117041,2026-03-21 18:17:21,BUY,Up,0.44999995807452503,7.045974,3.1706880045941936,"Solana Up or Down - March 21, 2:15PM-2:20PM ET"
1774117041,2026-03-21 18:17:21,BUY,Up,0.44999995807452503,7.045974,3.1706880045941936,"Solana Up or Down - March 21, 2:15PM-2:20PM ET"
1774117041,2026-03-21 18:17:21,BUY,Up,0.44999998849104744,17.111656,7.700245003062763,"Solana Up or Down - March 21, 2:15PM-2:20PM ET"
1774117049,2026-03-21 18:17:29,BUY,Down,0.4600000216000099,3.703702,1.7037029999999997,"Solana Up or Down - March 21, 2:15PM-2:20PM ET"
1774117055,2026-03-21 18:17:35,BUY,Down,0.33999995981086995,12.284564999999999,4.176751606294019,"Solana Up or Down - March 21, 2:15PM-2:20PM ET"
1774117055,2026-03-21 18:17:35,BUY,Down,0.3399999816407052,27.966968,9.508768606546191,"Solana Up or Down - March 21, 2:15PM-2:20PM ET"
1774117055,2026-03-21 18:17:35,BUY,Down,0.33999998683870897,31.510033,10.713410805287285,"Solana Up or Down - March 21, 2:15PM-2:20PM ET"
1774117057,2026-03-21 18:17:37,BUY,Up,0.52,7.0,3.64,"Solana Up or Down - March 21, 2:15PM-2:20PM ET"
1774117057,2026-03-21 18:17:37,BUY,Down,0.4,9.01824,3.6072960000000003,"Solana Up or Down - March 21, 2:15PM-2:20PM ET"
1774117057,2026-03-21 18:17:37,BUY,Down,0.3399999250612104,7.115171,2.4191576067976976,"Solana Up or Down - March 21, 2:15PM-2:20PM ET"
1774117065,2026-03-21 18:17:45,BUY,Up,0.4900001683001128,1.960783,0.960784,"Solana Up or Down - March 21, 2:15PM-2:20PM ET"
1774117065,2026-03-21 18:17:45,BUY,Up,0.4700000274814902,5.094338,2.3943389999999996,"Solana Up or Down - March 21, 2:15PM-2:20PM ET"
1774117065,2026-03-21 18:17:45,BUY,Up,0.47,1.9,0.8929999999999999,"Solana Up or Down - March 21, 2:15PM-2:20PM ET"
1774117065,2026-03-21 18:17:45,BUY,Up,0.4799999935440481,30.496664999999997,14.638399003114996,"Solana Up or Down - March 21, 2:15PM-2:20PM ET"
1774117067,2026-03-21 18:17:47,BUY,Down,0.48000002311111867,5.192306,2.4923070000000003,"Solana Up or Down - March 21, 2:15PM-2:20PM ET"
1774117069,2026-03-21 18:17:49,BUY,Up,0.5,3.7,1.85,"Solana Up or Down - March 21, 2:15PM-2:20PM ET"
1774117069,2026-03-21 18:17:49,BUY,Up,0.5,3.3,1.65,"Solana Up or Down - March 21, 2:15PM-2:20PM ET"
1774117069,2026-03-21 18:17:49,BUY,Up,0.4600012962779766,0.293147,0.134848,"Solana Up or Down - March 21, 2:15PM-2:20PM ET"
1774117071,2026-03-21 18:17:51,BUY,Up,0.4600000694285873,5.185184,2.385185,"Solana Up or Down - March 21, 2:15PM-2:20PM ET"
1774117071,2026-03-21 18:17:51,BUY,Up,0.46,1.51,0.6946,"Solana Up or Down - March 21, 2:15PM-2:20PM ET"
1774117075,2026-03-21 18:17:55,BUY,Down,0.5700000406996014,5.651161,3.2211620000000005,"Solana Up or Down - March 21, 2:15PM-2:20PM ET"
1774117075,2026-03-21 18:17:55,BUY,Down,0.58,7.0,4.06,"Solana Up or Down - March 21, 2:15PM-2:20PM ET"
1774117075,2026-03-21 18:17:55,BUY,Down,0.57,4.92491,2.8071986999999994,"Solana Up or Down - March 21, 2:15PM-2:20PM ET"
1774117083,2026-03-21 18:18:03,BUY,Up,0.36,7.0,2.52,"Solana Up or Down - March 21, 2:15PM-2:20PM ET"
1774117083,2026-03-21 18:18:03,BUY,Up,0.3804220889663967,32.946235,12.533475542277813,"Solana Up or Down - March 21, 2:15PM-2:20PM ET"
1774117085,2026-03-21 18:18:05,BUY,Up,0.32,7.56562,2.4209984,"Solana Up or Down - March 21, 2:15PM-2:20PM ET"
1774117085,2026-03-21 18:18:05,BUY,Up,0.32,9.91251,3.1720032,"Solana Up or Down - March 21, 2:15PM-2:20PM ET"
1774117145,2026-03-21 18:19:05,BUY,Down,0.68,2.61,1.7748,"Solana Up or Down - March 21, 2:15PM-2:20PM ET"
1774117145,2026-03-21 18:19:05,BUY,Down,0.69,7.0,4.83,"Solana Up or Down - March 21, 2:15PM-2:20PM ET"
1774117145,2026-03-21 18:19:05,BUY,Down,0.68,4.3875,2.9835000000000003,"Solana Up or Down - March 21, 2:15PM-2:20PM ET"
1774117145,2026-03-21 18:19:05,BUY,Down,0.7,4.94488,3.4614160000000003,"Solana Up or Down - March 21, 2:15PM-2:20PM ET"
1774117145,2026-03-21 18:19:05,BUY,Down,0.69,7.0,4.83,"Solana Up or Down - March 21, 2:15PM-2:20PM ET"
1774117147,2026-03-21 18:19:07,BUY,Down,0.6900002530788761,2.331289,1.60859,"Solana Up or Down - March 21, 2:15PM-2:20PM ET"
1774117151,2026-03-21 18:19:11,BUY,Down,0.72,22.51885,16.213572,"Solana Up or Down - March 21, 2:15PM-2:20PM ET"
1774117151,2026-03-21 18:19:11,BUY,Down,0.7,3.5306499999999996,2.4714549999999997,"Solana Up or Down - March 21, 2:15PM-2:20PM ET"
1774117155,2026-03-21 18:19:15,BUY,Down,0.72,4.9492,3.563424,"Solana Up or Down - March 21, 2:15PM-2:20PM ET"
1774117157,2026-03-21 18:19:17,BUY,Up,0.270000039459484,2.027396,0.547397,"Solana Up or Down - March 21, 2:15PM-2:20PM ET"
1774117159,2026-03-21 18:19:19,BUY,Up,0.2700000505941561,1.383559,0.37356100000000003,"Solana Up or Down - March 21, 2:15PM-2:20PM ET"
1774117159,2026-03-21 18:19:19,BUY,Up,0.28,4.5532699999999995,1.2749156,"Solana Up or Down - March 21, 2:15PM-2:20PM ET"
1774117159,2026-03-21 18:19:19,BUY,Up,0.2799999666549894,20.185655999999998,5.651983006909086,"Solana Up or Down - March 21, 2:15PM-2:20PM ET"
1774117163,2026-03-21 18:19:23,BUY,Down,0.75,0.99122,0.7434149999999999,"Solana Up or Down - March 21, 2:15PM-2:20PM ET"
1774117165,2026-03-21 18:19:25,BUY,Up,0.2,7.0,1.4000000000000001,"Solana Up or Down - March 21, 2:15PM-2:20PM ET"
1774117165,2026-03-21 18:19:25,BUY,Up,0.21,7.0,1.47,"Solana Up or Down - March 21, 2:15PM-2:20PM ET"
1774117165,2026-03-21 18:19:25,BUY,Down,0.75,6.93848,5.203860000000001,"Solana Up or Down - March 21, 2:15PM-2:20PM ET"
1774117169,2026-03-21 18:19:29,BUY,Up,0.18,6.0,1.08,"Solana Up or Down - March 21, 2:15PM-2:20PM ET"
1774117171,2026-03-21 18:19:31,BUY,Up,0.17,5.79,0.9843000000000001,"Solana Up or Down - March 21, 2:15PM-2:20PM ET"
1774117171,2026-03-21 18:19:31,BUY,Up,0.17000009130017255,1.204817,0.204819,"Solana Up or Down - March 21, 2:15PM-2:20PM ET"
1774117171,2026-03-21 18:19:31,BUY,Up,0.19,4.9704,0.944376,"Solana Up or Down - March 21, 2:15PM-2:20PM ET"
1774117185,2026-03-21 18:19:45,BUY,Down,0.81,5.6,4.536,"Solana Up or Down - March 21, 2:15PM-2:20PM ET"
1774117185,2026-03-21 18:19:45,BUY,Down,0.83,7.0,5.81,"Solana Up or Down - March 21, 2:15PM-2:20PM ET"
1774117185,2026-03-21 18:19:45,BUY,Down,0.84,4.99,4.1916,"Solana Up or Down - March 21, 2:15PM-2:20PM ET"
1774117185,2026-03-21 18:19:45,BUY,Down,0.85,7.0,5.95,"Solana Up or Down - March 21, 2:15PM-2:20PM ET"
1774117185,2026-03-21 18:19:45,BUY,Down,0.8,17.388,13.910400000000003,"Solana Up or Down - March 21, 2:15PM-2:20PM ET"
1774117185,2026-03-21 18:19:45,BUY,Down,0.86,7.0,6.02,"Solana Up or Down - March 21, 2:15PM-2:20PM ET"
1774117185,2026-03-21 18:19:45,BUY,Down,0.84,2.008125,1.686825,"Solana Up or Down - March 21, 2:15PM-2:20PM ET"
1774117187,2026-03-21 18:19:47,BUY,Up,0.14,4.98188,0.6974632000000001,"Solana Up or Down - March 21, 2:15PM-2:20PM ET"
1774117191,2026-03-21 18:19:51,BUY,Up,0.13,4.98402,0.6479226,"Solana Up or Down - March 21, 2:15PM-2:20PM ET"
1774117191,2026-03-21 18:19:51,BUY,Up,0.0899999847744358,59.01199,5.311078201509157,"Solana Up or Down - March 21, 2:15PM-2:20PM ET"
1774117207,2026-03-21 18:20:07,,,0.0,252.426855,0.0,"Solana Up or Down - March 21, 2:10PM-2:15PM ET"
1774117209,2026-03-21 18:20:09,BUY,Up,0.57,7.0,3.9899999999999998,"Solana Up or Down - March 21, 2:20PM-2:25PM ET"
1774117211,2026-03-21 18:20:11,BUY,Up,0.4800000417670817,4.78846,2.298461,"Solana Up or Down - March 21, 2:20PM-2:25PM ET"
1774117213,2026-03-21 18:20:13,BUY,Up,0.51,4.83335,2.4650085,"Solana Up or Down - March 21, 2:20PM-2:25PM ET"
1774117221,2026-03-21 18:20:21,BUY,Down,0.4400001037037805,1.92857,0.848571,"Solana Up or Down - March 21, 2:20PM-2:25PM ET"
1774117221,2026-03-21 18:20:21,BUY,Down,0.43,23.63956,10.1650108,"Solana Up or Down - March 21, 2:20PM-2:25PM ET"
1774117221,2026-03-21 18:20:21,BUY,Down,0.43,7.0,3.01,"Solana Up or Down - March 21, 2:20PM-2:25PM ET"
1774117221,2026-03-21 18:20:21,BUY,Down,0.44,5.07,2.2308000000000003,"Solana Up or Down - March 21, 2:20PM-2:25PM ET"
1774117221,2026-03-21 18:20:21,BUY,Down,0.43,3.8709800000000003,1.6645214000000002,"Solana Up or Down - March 21, 2:20PM-2:25PM ET"
1774117237,2026-03-21 18:20:37,BUY,Down,0.44999994787643377,5.667414,2.550336004594171,"Solana Up or Down - March 21, 2:20PM-2:25PM ET"
1774117237,2026-03-21 18:20:37,BUY,Down,0.45,6.89281,3.1017645,"Solana Up or Down - March 21, 2:20PM-2:25PM ET"
1774117265,2026-03-21 18:21:05,BUY,Up,0.5100000505155108,1.97959,1.009591,"Solana Up or Down - March 21, 2:20PM-2:25PM ET"
1774117265,2026-03-21 18:21:05,BUY,Up,0.54,1.45,0.783,"Solana Up or Down - March 21, 2:20PM-2:25PM ET"
1774117265,2026-03-21 18:21:05,BUY,Up,0.5400000757647231,5.543477,2.993478,"Solana Up or Down - March 21, 2:20PM-2:25PM ET"
1774117265,2026-03-21 18:21:05,BUY,Up,0.5,0.01,0.005,"Solana Up or Down - March 21, 2:20PM-2:25PM ET"
1774117267,2026-03-21 18:21:07,BUY,Up,0.51,2.46,1.2546,"Solana Up or Down - March 21, 2:20PM-2:25PM ET"
1774117267,2026-03-21 18:21:07,BUY,Up,0.5100001215200671,2.551019,1.3010200000000003,"Solana Up or Down - March 21, 2:20PM-2:25PM ET"
1774117281,2026-03-21 18:21:21,BUY,Up,0.52,30.51718,15.8689336,"Solana Up or Down - March 21, 2:20PM-2:25PM ET"
1774117283,2026-03-21 18:21:23,BUY,Up,0.52,17.39479,9.0452908,"Solana Up or Down - March 21, 2:20PM-2:25PM ET"
1774117283,2026-03-21 18:21:23,BUY,Down,0.4,7.0,2.8000000000000003,"Solana Up or Down - March 21, 2:20PM-2:25PM ET"
1774117283,2026-03-21 18:21:23,BUY,Down,0.41,7.0,2.8699999999999997,"Solana Up or Down - March 21, 2:20PM-2:25PM ET"
1774117283,2026-03-21 18:21:23,BUY,Down,0.4,1.02,0.40800000000000003,"Solana Up or Down - March 21, 2:20PM-2:25PM ET"
1774117285,2026-03-21 18:21:25,BUY,Down,0.4,5.0,2.0,"Solana Up or Down - March 21, 2:20PM-2:25PM ET"
1774117285,2026-03-21 18:21:25,BUY,Down,0.39000191373824844,0.167212,0.065213,"Solana Up or Down - March 21, 2:20PM-2:25PM ET"
1774117285,2026-03-21 18:21:25,BUY,Down,0.4,0.98,0.392,"Solana Up or Down - March 21, 2:20PM-2:25PM ET"
1774117289,2026-03-21 18:21:29,BUY,Down,0.3499999694989067,12.944604,4.530611005175426,"Solana Up or Down - March 21, 2:20PM-2:25PM ET"
1774117289,2026-03-21 18:21:29,BUY,Down,0.35,7.0,2.4499999999999997,"Solana Up or Down - March 21, 2:20PM-2:25PM ET"
1774117289,2026-03-21 18:21:29,BUY,Down,0.36,1.84,0.6624,"Solana Up or Down - March 21, 2:20PM-2:25PM ET"
1774117289,2026-03-21 18:21:29,BUY,Down,0.36,5.15625,1.85625,"Solana Up or Down - March 21, 2:20PM-2:25PM ET"
1774117289,2026-03-21 18:21:29,BUY,Down,0.37,7.0,2.59,"Solana Up or Down - March 21, 2:20PM-2:25PM ET"
1774117289,2026-03-21 18:21:29,BUY,Down,0.3399999751219497,21.432631,7.287094006797928,"Solana Up or Down - March 21, 2:20PM-2:25PM ET"
1774117325,2026-03-21 18:22:05,BUY,Up,0.5,7.441879999999999,3.7209399999999997,"Solana Up or Down - March 21, 2:20PM-2:25PM ET"
1774117327,2026-03-21 18:22:07,BUY,Up,0.56,7.0,3.9200000000000004,"Solana Up or Down - March 21, 2:20PM-2:25PM ET"
1774117327,2026-03-21 18:22:07,BUY,Up,0.5099999890026927,7.160938,3.6520783012489644,"Solana Up or Down - March 21, 2:20PM-2:25PM ET"
1774117327,2026-03-21 18:22:07,BUY,Up,0.5099999894690237,6.543287,3.3370763010927997,"Solana Up or Down - March 21, 2:20PM-2:25PM ET"
1774117327,2026-03-21 18:22:07,BUY,Up,0.5099999816295001,11.252901,5.738979303278583,"Solana Up or Down - March 21, 2:20PM-2:25PM ET"
1774117327,2026-03-21 18:22:07,BUY,Up,0.5,7.441879999999999,3.7209399999999997,"Solana Up or Down - March 21, 2:20PM-2:25PM ET"
1774117327,2026-03-21 18:22:07,BUY,Up,0.5,7.441879999999999,3.7209399999999997,"Solana Up or Down - March 21, 2:20PM-2:25PM ET"
1774117327,2026-03-21 18:22:07,BUY,Up,0.5037259898708817,6.526997000000001,3.2878180247092756,"Solana Up or Down - March 21, 2:20PM-2:25PM ET"
1774117327,2026-03-21 18:22:07,BUY,Up,0.5,7.441879999999999,3.7209399999999997,"Solana Up or Down - March 21, 2:20PM-2:25PM ET"
1774117327,2026-03-21 18:22:07,BUY,Up,0.5,10.631250000000001,5.315625000000001,"Solana Up or Down - March 21, 2:20PM-2:25PM ET"
1774117327,2026-03-21 18:22:07,BUY,Up,0.5,10.631250000000001,5.315625000000001,"Solana Up or Down - March 21, 2:20PM-2:25PM ET"
1774117363,2026-03-21 18:22:43,BUY,Down,0.40000004013379,4.983332,1.9933329999999998,"Solana Up or Down - March 21, 2:20PM-2:25PM ET"
1774117363,2026-03-21 18:22:43,BUY,Down,0.4,1.5,0.6000000000000001,"Solana Up or Down - March 21, 2:20PM-2:25PM ET"
1774117363,2026-03-21 18:22:43,BUY,Down,0.4,5.5,2.2,"Solana Up or Down - March 21, 2:20PM-2:25PM ET"
1774117363,2026-03-21 18:22:43,BUY,Down,0.41,7.0,2.8699999999999997,"Solana Up or Down - March 21, 2:20PM-2:25PM ET"
1774117365,2026-03-21 18:22:45,BUY,Down,0.4,2.01,0.8039999999999999,"Solana Up or Down - March 21, 2:20PM-2:25PM ET"
1774117365,2026-03-21 18:22:45,BUY,Down,0.38,7.0,2.66,"Solana Up or Down - March 21, 2:20PM-2:25PM ET"
1774117365,2026-03-21 18:22:45,BUY,Down,0.38,4.14,1.5732,"Solana Up or Down - March 21, 2:20PM-2:25PM ET"
1774117367,2026-03-21 18:22:47,BUY,Down,0.37,2.11,0.7807,"Solana Up or Down - March 21, 2:20PM-2:25PM ET"
1774117367,2026-03-21 18:22:47,BUY,Down,0.3700000135878427,2.943808,1.089209,"Solana Up or Down - March 21, 2:20PM-2:25PM ET"
1774117367,2026-03-21 18:22:47,BUY,Down,0.38,2.17,0.8246,"Solana Up or Down - March 21, 2:20PM-2:25PM ET"
1774117367,2026-03-21 18:22:47,BUY,Down,0.370000005177519,1.931427,0.714628,"Solana Up or Down - March 21, 2:20PM-2:25PM ET"
1774117367,2026-03-21 18:22:47,BUY,Down,0.38,2.86,1.0868,"Solana Up or Down - March 21, 2:20PM-2:25PM ET"
1774117367,2026-03-21 18:22:47,BUY,Down,0.38000007464887037,4.822578,1.8325799999999999,"Solana Up or Down - March 21, 2:20PM-2:25PM ET"
1774117375,2026-03-21 18:22:55,BUY,Down,0.36,1.25,0.44999999999999996,"Solana Up or Down - March 21, 2:20PM-2:25PM ET"
1774117379,2026-03-21 18:22:59,BUY,Down,0.35,1.53846,0.538461,"Solana Up or Down - March 21, 2:20PM-2:25PM ET"
1774117383,2026-03-21 18:23:03,BUY,Up,0.6799999805714235,10.172265,6.917140002367371,"Solana Up or Down - March 21, 2:20PM-2:25PM ET"
1774117383,2026-03-21 18:23:03,BUY,Up,0.62,7.0,4.34,"Solana Up or Down - March 21, 2:20PM-2:25PM ET"
1774117383,2026-03-21 18:23:03,BUY,Down,0.31,7.0,2.17,"Solana Up or Down - March 21, 2:20PM-2:25PM ET"
1774117383,2026-03-21 18:23:03,BUY,Down,0.32,3.54,1.1328,"Solana Up or Down - March 21, 2:20PM-2:25PM ET"
1774117383,2026-03-21 18:23:03,BUY,Down,0.33317091245711433,8.537549,2.844462990477324,"Solana Up or Down - March 21, 2:20PM-2:25PM ET"
1774117383,2026-03-21 18:23:03,BUY,Down,0.2699999641706124,15.477838,4.179015705438543,"Solana Up or Down - March 21, 2:20PM-2:25PM ET"
1774117383,2026-03-21 18:23:03,BUY,Down,0.2599999574011249,13.489383,3.5072390053674587,"Solana Up or Down - March 21, 2:20PM-2:25PM ET"
1774117383,2026-03-21 18:23:03,BUY,Down,0.32,3.451175,1.104376,"Solana Up or Down - March 21, 2:20PM-2:25PM ET"
1774117397,2026-03-21 18:23:17,BUY,Up,0.68,2.8162700000000003,1.9150636000000003,"Solana Up or Down - March 21, 2:20PM-2:25PM ET"
1774117397,2026-03-21 18:23:17,BUY,Up,0.68,6.91714,4.7036552,"Solana Up or Down - March 21, 2:20PM-2:25PM ET"
1774117397,2026-03-21 18:23:17,BUY,Up,0.6799999921159399,10.026945999999999,6.818323200946954,"Solana Up or Down - March 21, 2:20PM-2:25PM ET"
1774117405,2026-03-21 18:23:25,BUY,Down,0.32,10.03603,3.2115296,"Solana Up or Down - March 21, 2:20PM-2:25PM ET"
1774117405,2026-03-21 18:23:25,BUY,Down,0.32,6.8245,2.18384,"Solana Up or Down - March 21, 2:20PM-2:25PM ET"
1774117415,2026-03-21 18:23:35,BUY,Up,0.7,7.0,4.8999999999999995,"Solana Up or Down - March 21, 2:20PM-2:25PM ET"
1774117421,2026-03-21 18:23:41,BUY,Up,0.74,2.8335399999999997,2.0968196,"Solana Up or Down - March 21, 2:20PM-2:25PM ET"
1774117425,2026-03-21 18:23:45,BUY,Up,0.75,7.0,5.25,"Solana Up or Down - March 21, 2:20PM-2:25PM ET"
1774117431,2026-03-21 18:23:51,BUY,Down,0.2,7.89912,1.5798240000000001,"Solana Up or Down - March 21, 2:20PM-2:25PM ET"
1774117431,2026-03-21 18:23:51,BUY,Down,0.18999992648240357,10.411672999999999,1.978217104558826,"Solana Up or Down - March 21, 2:20PM-2:25PM ET"
1774117439,2026-03-21 18:23:59,BUY,Up,0.94,7.0,6.58,"Solana Up or Down - March 21, 2:20PM-2:25PM ET"
1774117441,2026-03-21 18:24:01,BUY,Up,0.94,7.0,6.58,"Solana Up or Down - March 21, 2:20PM-2:25PM ET"
1774117445,2026-03-21 18:24:05,BUY,Up,0.97,4.99895,4.8489815,"Solana Up or Down - March 21, 2:20PM-2:25PM ET"
1774117445,2026-03-21 18:24:05,BUY,Up,0.96,14.99448,14.394700799999999,"Solana Up or Down - March 21, 2:20PM-2:25PM ET"
1774117445,2026-03-21 18:24:05,BUY,Up,0.95,5.0,4.75,"Solana Up or Down - March 21, 2:20PM-2:25PM ET"
1774117447,2026-03-21 18:24:07,BUY,Up,0.98,6.99933,6.859343399999999,"Solana Up or Down - March 21, 2:20PM-2:25PM ET"
1774117447,2026-03-21 18:24:07,BUY,Up,0.97,14.99683,14.5469251,"Solana Up or Down - March 21, 2:20PM-2:25PM ET"
1774117447,2026-03-21 18:24:07,BUY,Up,0.98,12.44776,12.1988048,"Solana Up or Down - March 21, 2:20PM-2:25PM ET"
1774117447,2026-03-21 18:24:07,BUY,Up,0.98,10.99895,10.778971,"Solana Up or Down - March 21, 2:20PM-2:25PM ET"
1774117507,2026-03-21 18:25:07,,,0.0,332.228947,0.0,"Solana Up or Down - March 21, 2:15PM-2:20PM ET"
1774117509,2026-03-21 18:25:09,BUY,Up,0.35,3.0,1.0499999999999998,"Solana Up or Down - March 21, 2:25PM-2:30PM ET"
1774117513,2026-03-21 18:25:13,BUY,Down,0.62,7.0,4.34,"Solana Up or Down - March 21, 2:25PM-2:30PM ET"
1774117513,2026-03-21 18:25:13,BUY,Up,0.34000004658824573,5.151514,1.751515,"Solana Up or Down - March 21, 2:25PM-2:30PM ET"
1774117515,2026-03-21 18:25:15,BUY,Up,0.35,2.0,0.7,"Solana Up or Down - March 21, 2:25PM-2:30PM ET"
1774117515,2026-03-21 18:25:15,BUY,Up,0.35,5.0,1.75,"Solana Up or Down - March 21, 2:25PM-2:30PM ET"
1774117517,2026-03-21 18:25:17,BUY,Up,0.33,2.71,0.8943,"Solana Up or Down - March 21, 2:25PM-2:30PM ET"
1774117517,2026-03-21 18:25:17,BUY,Up,0.3300000804000707,1.492536,0.492537,"Solana Up or Down - March 21, 2:25PM-2:30PM ET"
1774117517,2026-03-21 18:25:17,BUY,Up,0.33,1.1,0.36300000000000004,"Solana Up or Down - March 21, 2:25PM-2:30PM ET"
1774117517,2026-03-21 18:25:17,BUY,Up,0.34,1.84,0.6256,"Solana Up or Down - March 21, 2:25PM-2:30PM ET"
1774117517,2026-03-21 18:25:17,BUY,Up,0.34000004658824573,5.151514,1.751515,"Solana Up or Down - March 21, 2:25PM-2:30PM ET"
1774117521,2026-03-21 18:25:21,BUY,Down,0.6600007650014662,0.705881,0.46588199999999996,"Solana Up or Down - March 21, 2:25PM-2:30PM ET"
1774117523,2026-03-21 18:25:23,BUY,Up,0.32,11.85796,3.7945472000000002,"Solana Up or Down - March 21, 2:25PM-2:30PM ET"
1774117525,2026-03-21 18:25:25,BUY,Down,0.65,7.0,4.55,"Solana Up or Down - March 21, 2:25PM-2:30PM ET"
1774117529,2026-03-21 18:25:29,BUY,Up,0.32,6.17602,1.9763264,"Solana Up or Down - March 21, 2:25PM-2:30PM ET"
1774117537,2026-03-21 18:25:37,BUY,Down,0.76,10.047315,7.6359594,"Solana Up or Down - March 21, 2:25PM-2:30PM ET"
1774117539,2026-03-21 18:25:39,BUY,Down,0.7900001602410025,4.742856,3.746857,"Solana Up or Down - March 21, 2:25PM-2:30PM ET"
1774117543,2026-03-21 18:25:43,BUY,Up,0.21,5.33306,1.1199426,"Solana Up or Down - March 21, 2:25PM-2:30PM ET"
1774117545,2026-03-21 18:25:45,BUY,Down,0.77,2.94,2.2638,"Solana Up or Down - March 21, 2:25PM-2:30PM ET"
