timestamp,time_utc,side,outcome,price,size,usdc,market
1774118175,2026-03-21 18:36:15,BUY,Up,0.6,5.43,3.2579999999999996,"Solana Up or Down - March 21, 2:35PM-2:40PM ET"
1774118175,2026-03-21 18:36:15,BUY,Up,0.7000000580645236,10.333332,7.233333,"Ethereum Up or Down - March 21, 2:35PM-2:40PM ET"
1774118175,2026-03-21 18:36:15,BUY,Up,0.6,3.045,1.827,"Solana Up or Down - March 21, 2:35PM-2:40PM ET"
1774118175,2026-03-21 18:36:15,BUY,Up,0.7,4.66,3.262,"Ethereum Up or Down - March 21, 2:35PM-2:40PM ET"
1774118193,2026-03-21 18:36:33,BUY,Up,0.5300000240763413,3.322764,1.7610649999999999,"Solana Up or Down - March 21, 2:35PM-2:40PM ET"
1774118195,2026-03-21 18:36:35,BUY,Up,0.53,3.0,1.59,"Solana Up or Down - March 21, 2:35PM-2:40PM ET"
1774118197,2026-03-21 18:36:37,BUY,Up,0.53,7.67,4.0651,"Solana Up or Down - March 21, 2:35PM-2:40PM ET"
1774118203,2026-03-21 18:36:43,BUY,Up,0.5600000249645465,6.409089,3.58909,"Solana Up or Down - March 21, 2:35PM-2:40PM ET"
1774118203,2026-03-21 18:36:43,BUY,Down,0.41,5.28,2.1648,"Solana Up or Down - March 21, 2:35PM-2:40PM ET"
1774118203,2026-03-21 18:36:43,BUY,Up,0.6,5.0,3.0,"Solana Up or Down - March 21, 2:35PM-2:40PM ET"
1774118205,2026-03-21 18:36:45,BUY,Up,0.5600000359183791,5.56818,3.1181810000000003,"Solana Up or Down - March 21, 2:35PM-2:40PM ET"
1774118211,2026-03-21 18:36:51,BUY,Up,0.57,3.0,1.71,"Solana Up or Down - March 21, 2:35PM-2:40PM ET"
1774118211,2026-03-21 18:36:51,BUY,Up,0.570000038922427,5.395347,3.075348,"Solana Up or Down - March 21, 2:35PM-2:40PM ET"
1774118213,2026-03-21 18:36:53,BUY,Down,0.36,7.42,2.6712,"Solana Up or Down - March 21, 2:35PM-2:40PM ET"
1774118213,2026-03-21 18:36:53,BUY,Down,0.37,14.0,5.18,"Solana Up or Down - March 21, 2:35PM-2:40PM ET"
1774118213,2026-03-21 18:36:53,BUY,Down,0.36,6.58,2.3688,"Solana Up or Down - March 21, 2:35PM-2:40PM ET"
1774118213,2026-03-21 18:36:53,BUY,Down,0.17,26.0,4.42,"Ethereum Up or Down - March 21, 2:35PM-2:40PM ET"
1774118217,2026-03-21 18:36:57,BUY,Down,0.35,3.52,1.232,"Solana Up or Down - March 21, 2:35PM-2:40PM ET"
1774118223,2026-03-21 18:37:03,BUY,Up,0.65,6.8,4.42,"Solana Up or Down - March 21, 2:35PM-2:40PM ET"
1774118223,2026-03-21 18:37:03,BUY,Up,0.66,14.0,9.24,"Solana Up or Down - March 21, 2:35PM-2:40PM ET"
1774118225,2026-03-21 18:37:05,BUY,Down,0.14,26.0,3.6400000000000006,"Ethereum Up or Down - March 21, 2:35PM-2:40PM ET"
1774118225,2026-03-21 18:37:05,BUY,Down,0.14,26.0,3.6400000000000006,"Ethereum Up or Down - March 21, 2:35PM-2:40PM ET"
1774118225,2026-03-21 18:37:05,BUY,Down,0.32,4.46,1.4272,"Solana Up or Down - March 21, 2:35PM-2:40PM ET"
1774118227,2026-03-21 18:37:07,BUY,Down,0.3400000340476308,7.636361,2.5963629999999998,"Solana Up or Down - March 21, 2:35PM-2:40PM ET"
1774118227,2026-03-21 18:37:07,BUY,Down,0.13,26.0,3.38,"Ethereum Up or Down - March 21, 2:35PM-2:40PM ET"
1774118231,2026-03-21 18:37:11,BUY,Up,0.83,25.0,20.75,"Ethereum Up or Down - March 21, 2:35PM-2:40PM ET"
1774118231,2026-03-21 18:37:11,BUY,Up,0.84,25.0,21.0,"Ethereum Up or Down - March 21, 2:35PM-2:40PM ET"
1774118231,2026-03-21 18:37:11,BUY,Up,0.84,1.0,0.84,"Ethereum Up or Down - March 21, 2:35PM-2:40PM ET"
1774118231,2026-03-21 18:37:11,BUY,Up,0.65,14.0,9.1,"Solana Up or Down - March 21, 2:35PM-2:40PM ET"
1774118233,2026-03-21 18:37:13,BUY,Up,0.83,1.0,0.83,"Ethereum Up or Down - March 21, 2:35PM-2:40PM ET"
1774118233,2026-03-21 18:37:13,BUY,Down,0.16,13.13,2.1008,"Solana Up or Down - March 21, 2:35PM-2:40PM ET"
1774118233,2026-03-21 18:37:13,BUY,Down,0.17,14.0,2.3800000000000003,"Solana Up or Down - March 21, 2:35PM-2:40PM ET"
1774118233,2026-03-21 18:37:13,BUY,Down,0.32,9.54,3.0528,"Solana Up or Down - March 21, 2:35PM-2:40PM ET"
1774118235,2026-03-21 18:37:15,BUY,Up,0.84,18.96,15.926400000000001,"Ethereum Up or Down - March 21, 2:35PM-2:40PM ET"
1774118241,2026-03-21 18:37:21,BUY,Up,0.84,3.003125,2.5226249999999997,"Ethereum Up or Down - March 21, 2:35PM-2:40PM ET"
1774118245,2026-03-21 18:37:25,BUY,Down,0.15,12.2127,1.831905,"Solana Up or Down - March 21, 2:35PM-2:40PM ET"
1774118249,2026-03-21 18:37:29,BUY,Down,0.21,26.0,5.46,"Ethereum Up or Down - March 21, 2:35PM-2:40PM ET"
1774118259,2026-03-21 18:37:39,BUY,Up,0.72,3.72,2.6784,"Ethereum Up or Down - March 21, 2:35PM-2:40PM ET"
1774118259,2026-03-21 18:37:39,BUY,Up,0.72,12.0,8.64,"Ethereum Up or Down - March 21, 2:35PM-2:40PM ET"
1774118259,2026-03-21 18:37:39,BUY,Up,0.6400000900000177,6.222221,3.982222,"Solana Up or Down - March 21, 2:35PM-2:40PM ET"
1774118259,2026-03-21 18:37:39,BUY,Up,0.640000126918888,3.781943,2.420444,"Solana Up or Down - March 21, 2:35PM-2:40PM ET"
1774118259,2026-03-21 18:37:39,BUY,Up,0.64,3.98,2.5472,"Solana Up or Down - March 21, 2:35PM-2:40PM ET"
1774118271,2026-03-21 18:37:51,BUY,Up,0.59,0.48,0.28319999999999995,"Solana Up or Down - March 21, 2:35PM-2:40PM ET"
1774118271,2026-03-21 18:37:51,BUY,Up,0.5900001414642038,3.251706,1.9185070000000002,"Solana Up or Down - March 21, 2:35PM-2:40PM ET"
1774118271,2026-03-21 18:37:51,BUY,Up,0.5900000976190709,5.12195,3.021951,"Solana Up or Down - March 21, 2:35PM-2:40PM ET"
1774118271,2026-03-21 18:37:51,BUY,Up,0.5900000976190709,5.12195,3.021951,"Solana Up or Down - March 21, 2:35PM-2:40PM ET"
1774118289,2026-03-21 18:38:09,BUY,Down,0.310000456679772,0.481738,0.149339,"Solana Up or Down - March 21, 2:35PM-2:40PM ET"
1774118295,2026-03-21 18:38:15,BUY,Down,0.23,8.48,1.9504000000000001,"Solana Up or Down - March 21, 2:35PM-2:40PM ET"
1774118295,2026-03-21 18:38:15,BUY,Down,0.23,5.0,1.1500000000000001,"Solana Up or Down - March 21, 2:35PM-2:40PM ET"
1774118295,2026-03-21 18:38:15,BUY,Down,0.23,0.52,0.11960000000000001,"Solana Up or Down - March 21, 2:35PM-2:40PM ET"
1774118339,2026-03-21 18:38:59,BUY,Up,0.7300001586598641,3.592591,2.622592,"Solana Up or Down - March 21, 2:35PM-2:40PM ET"
1774118339,2026-03-21 18:38:59,BUY,Up,0.73,1.08,0.7884,"Solana Up or Down - March 21, 2:35PM-2:40PM ET"
1774118339,2026-03-21 18:38:59,BUY,Up,0.73,6.5,4.745,"Solana Up or Down - March 21, 2:35PM-2:40PM ET"
1774118341,2026-03-21 18:39:01,BUY,Down,0.22000006658540078,2.102563,0.46256400000000003,"Solana Up or Down - March 21, 2:35PM-2:40PM ET"
1774118341,2026-03-21 18:39:01,BUY,Down,0.22,6.41,1.4102000000000001,"Solana Up or Down - March 21, 2:35PM-2:40PM ET"
1774118341,2026-03-21 18:39:01,BUY,Up,0.73,2.41,1.7593,"Solana Up or Down - March 21, 2:35PM-2:40PM ET"
1774118343,2026-03-21 18:39:03,BUY,Down,0.21,3.5443,0.7443029999999999,"Solana Up or Down - March 21, 2:35PM-2:40PM ET"
1774118345,2026-03-21 18:39:05,BUY,Up,0.72,26.0,18.72,"Ethereum Up or Down - March 21, 2:35PM-2:40PM ET"
1774118345,2026-03-21 18:39:05,BUY,Up,0.73,26.0,18.98,"Ethereum Up or Down - March 21, 2:35PM-2:40PM ET"
1774118351,2026-03-21 18:39:11,BUY,Down,0.18000000765333582,18.292677,3.2926820000000006,"Ethereum Up or Down - March 21, 2:35PM-2:40PM ET"
1774118359,2026-03-21 18:39:19,BUY,Down,0.15,1.80294,0.270441,"Ethereum Up or Down - March 21, 2:35PM-2:40PM ET"
1774118359,2026-03-21 18:39:19,BUY,Up,0.83,26.0,21.58,"Ethereum Up or Down - March 21, 2:35PM-2:40PM ET"
1774118359,2026-03-21 18:39:19,BUY,Up,0.74,9.0,6.66,"Ethereum Up or Down - March 21, 2:35PM-2:40PM ET"
1774118359,2026-03-21 18:39:19,BUY,Down,0.15,24.19,3.6285,"Ethereum Up or Down - March 21, 2:35PM-2:40PM ET"
1774118363,2026-03-21 18:39:23,BUY,Down,0.14,5.0,0.7000000000000001,"Ethereum Up or Down - March 21, 2:35PM-2:40PM ET"
1774118371,2026-03-21 18:39:31,BUY,Down,0.09,26.0,2.34,"Ethereum Up or Down - March 21, 2:35PM-2:40PM ET"
1774118373,2026-03-21 18:39:33,BUY,Down,0.08,26.0,2.08,"Ethereum Up or Down - March 21, 2:35PM-2:40PM ET"
1774118377,2026-03-21 18:39:37,BUY,Down,0.06,1.0319,0.061914,"Ethereum Up or Down - March 21, 2:35PM-2:40PM ET"
1774118377,2026-03-21 18:39:37,BUY,Down,0.06,2.46595,0.14795699999999998,"Ethereum Up or Down - March 21, 2:35PM-2:40PM ET"
1774118379,2026-03-21 18:39:39,BUY,Up,0.98,3.04,2.9792,"Solana Up or Down - March 21, 2:35PM-2:40PM ET"
1774118381,2026-03-21 18:39:41,BUY,Up,0.98,0.94,0.9211999999999999,"Solana Up or Down - March 21, 2:35PM-2:40PM ET"
1774118383,2026-03-21 18:39:43,BUY,Up,0.98,1.04,1.0192,"Solana Up or Down - March 21, 2:35PM-2:40PM ET"
1774118383,2026-03-21 18:39:43,BUY,Up,0.98,1.49,1.4602,"Solana Up or Down - March 21, 2:35PM-2:40PM ET"
1774118407,2026-03-21 18:40:07,,,0.0,165.44661,0.0,"Solana Up or Down - March 21, 2:30PM-2:35PM ET"
1774118407,2026-03-21 18:40:07,,,0.0,50.2675,0.0,"Ethereum Up or Down - March 21, 2:30PM-2:35PM ET"
1774118409,2026-03-21 18:40:09,BUY,Up,0.44000012791240556,3.12714,1.3759419999999998,"Ethereum Up or Down - March 21, 2:40PM-2:45PM ET"
1774118409,2026-03-21 18:40:09,BUY,Up,0.44,22.87,10.062800000000001,"Ethereum Up or Down - March 21, 2:40PM-2:45PM ET"
1774118409,2026-03-21 18:40:09,BUY,Down,0.5400000581695638,8.251738,4.455939,"Solana Up or Down - March 21, 2:40PM-2:45PM ET"
1774118409,2026-03-21 18:40:09,BUY,Up,0.47,2.0,0.94,"Solana Up or Down - March 21, 2:40PM-2:45PM ET"
1774118411,2026-03-21 18:40:11,BUY,Down,0.53,12.0,6.36,"Ethereum Up or Down - March 21, 2:40PM-2:45PM ET"
1774118413,2026-03-21 18:40:13,BUY,Up,0.48,14.0,6.72,"Solana Up or Down - March 21, 2:40PM-2:45PM ET"
1774118413,2026-03-21 18:40:13,BUY,Down,0.53,7.0,3.71,"Ethereum Up or Down - March 21, 2:40PM-2:45PM ET"
1774118415,2026-03-21 18:40:15,BUY,Up,0.48,5.0,2.4,"Solana Up or Down - March 21, 2:40PM-2:45PM ET"
1774118415,2026-03-21 18:40:15,BUY,Up,0.48,2.0,0.96,"Solana Up or Down - March 21, 2:40PM-2:45PM ET"
1774118427,2026-03-21 18:40:27,BUY,Up,0.42,6.75,2.835,"Solana Up or Down - March 21, 2:40PM-2:45PM ET"
1774118427,2026-03-21 18:40:27,BUY,Up,0.4,14.0,5.6000000000000005,"Solana Up or Down - March 21, 2:40PM-2:45PM ET"
1774118427,2026-03-21 18:40:27,BUY,Up,0.39,5.17,2.0163,"Solana Up or Down - March 21, 2:40PM-2:45PM ET"
1774118427,2026-03-21 18:40:27,BUY,Up,0.4,8.31,3.3240000000000003,"Ethereum Up or Down - March 21, 2:40PM-2:45PM ET"
1774118427,2026-03-21 18:40:27,BUY,Up,0.39000002517461013,5.163933,2.013934,"Solana Up or Down - March 21, 2:40PM-2:45PM ET"
1774118427,2026-03-21 18:40:27,BUY,Up,0.3900000332146718,3.913933,1.526434,"Solana Up or Down - March 21, 2:40PM-2:45PM ET"
1774118427,2026-03-21 18:40:27,BUY,Up,0.42,7.25,3.045,"Solana Up or Down - March 21, 2:40PM-2:45PM ET"
1774118427,2026-03-21 18:40:27,BUY,Up,0.400000036144587,5.533332,2.213333,"Ethereum Up or Down - March 21, 2:40PM-2:45PM ET"
1774118427,2026-03-21 18:40:27,BUY,Up,0.4,12.15,4.86,"Ethereum Up or Down - March 21, 2:40PM-2:45PM ET"
1774118447,2026-03-21 18:40:47,BUY,Down,0.51,14.0,7.140000000000001,"Solana Up or Down - March 21, 2:40PM-2:45PM ET"
1774118447,2026-03-21 18:40:47,BUY,Down,0.51,14.0,7.140000000000001,"Solana Up or Down - March 21, 2:40PM-2:45PM ET"
1774118451,2026-03-21 18:40:51,BUY,Down,0.47,14.0,6.58,"Solana Up or Down - March 21, 2:40PM-2:45PM ET"
1774118465,2026-03-21 18:41:05,BUY,Up,0.48000000784905944,5.096152,2.446153,"Solana Up or Down - March 21, 2:40PM-2:45PM ET"
1774118465,2026-03-21 18:41:05,BUY,Up,0.48000000784905944,5.096152,2.446153,"Solana Up or Down - March 21, 2:40PM-2:45PM ET"
1774118467,2026-03-21 18:41:07,BUY,Down,0.49000003578948015,7.823528,3.833529,"Solana Up or Down - March 21, 2:40PM-2:45PM ET"
1774118473,2026-03-21 18:41:13,BUY,Down,0.44,3.56,1.5664,"Ethereum Up or Down - March 21, 2:40PM-2:45PM ET"
1774118475,2026-03-21 18:41:15,BUY,Down,0.47,12.0,5.64,"Ethereum Up or Down - March 21, 2:40PM-2:45PM ET"
1774118481,2026-03-21 18:41:21,BUY,Down,0.52,5.0,2.6,"Solana Up or Down - March 21, 2:40PM-2:45PM ET"
1774118495,2026-03-21 18:41:35,BUY,Down,0.5,4.0,2.0,"Solana Up or Down - March 21, 2:40PM-2:45PM ET"
1774118505,2026-03-21 18:41:45,BUY,Down,0.4,26.0,10.4,"Ethereum Up or Down - March 21, 2:40PM-2:45PM ET"
1774118505,2026-03-21 18:41:45,BUY,Down,0.41,19.14,7.8473999999999995,"Ethereum Up or Down - March 21, 2:40PM-2:45PM ET"
1774118505,2026-03-21 18:41:45,BUY,Down,0.41,6.86,2.8125999999999998,"Ethereum Up or Down - March 21, 2:40PM-2:45PM ET"
1774118507,2026-03-21 18:41:47,BUY,Down,0.4700000683871155,4.679244,2.199245,"Solana Up or Down - March 21, 2:40PM-2:45PM ET"
1774118513,2026-03-21 18:41:53,BUY,Up,0.59,6.4,3.776,"Ethereum Up or Down - March 21, 2:40PM-2:45PM ET"
1774118513,2026-03-21 18:41:53,BUY,Down,0.47,9.32,4.3804,"Solana Up or Down - March 21, 2:40PM-2:45PM ET"
1774118515,2026-03-21 18:41:55,BUY,Up,0.52,2.0,1.04,"Solana Up or Down - March 21, 2:40PM-2:45PM ET"
1774118515,2026-03-21 18:41:55,BUY,Down,0.45000007476214426,4.012726,1.805727,"Solana Up or Down - March 21, 2:40PM-2:45PM ET"
1774118515,2026-03-21 18:41:55,BUY,Up,0.52,2.0,1.04,"Solana Up or Down - March 21, 2:40PM-2:45PM ET"
1774118515,2026-03-21 18:41:55,BUY,Down,0.45,9.98,4.4910000000000005,"Solana Up or Down - March 21, 2:40PM-2:45PM ET"
1774118517,2026-03-21 18:41:57,BUY,Up,0.63,26.0,16.38,"Ethereum Up or Down - March 21, 2:40PM-2:45PM ET"
1774118517,2026-03-21 18:41:57,BUY,Up,0.6,8.0,4.8,"Ethereum Up or Down - March 21, 2:40PM-2:45PM ET"
1774118517,2026-03-21 18:41:57,BUY,Down,0.36,26.0,9.36,"Ethereum Up or Down - March 21, 2:40PM-2:45PM ET"
1774118517,2026-03-21 18:41:57,BUY,Up,0.64,26.0,16.64,"Ethereum Up or Down - March 21, 2:40PM-2:45PM ET"
1774118519,2026-03-21 18:41:59,BUY,Up,0.6,18.0,10.799999999999999,"Ethereum Up or Down - March 21, 2:40PM-2:45PM ET"
1774118533,2026-03-21 18:42:13,BUY,Down,0.42000003735594243,10.172411,4.272413,"Solana Up or Down - March 21, 2:40PM-2:45PM ET"
1774118547,2026-03-21 18:42:27,BUY,Down,0.38000016633146255,1.442902,0.548303,"Solana Up or Down - March 21, 2:40PM-2:45PM ET"
1774118549,2026-03-21 18:42:29,BUY,Up,0.5600000670902484,3.577271,2.003272,"Solana Up or Down - March 21, 2:40PM-2:45PM ET"
1774118549,2026-03-21 18:42:29,BUY,Up,0.66,2.0,1.32,"Ethereum Up or Down - March 21, 2:40PM-2:45PM ET"
1774118549,2026-03-21 18:42:29,BUY,Down,0.33,26.0,8.58,"Ethereum Up or Down - March 21, 2:40PM-2:45PM ET"
1774118549,2026-03-21 18:42:29,BUY,Up,0.5600000306467716,9.136362,5.116363,"Solana Up or Down - March 21, 2:40PM-2:45PM ET"
1774118551,2026-03-21 18:42:31,BUY,Down,0.33,17.55,5.7915,"Ethereum Up or Down - March 21, 2:40PM-2:45PM ET"
1774118553,2026-03-21 18:42:33,BUY,Down,0.33,3.45,1.1385,"Ethereum Up or Down - March 21, 2:40PM-2:45PM ET"
1774118553,2026-03-21 18:42:33,BUY,Down,0.33,5.0,1.6500000000000001,"Ethereum Up or Down - March 21, 2:40PM-2:45PM ET"
1774118555,2026-03-21 18:42:35,BUY,Up,0.52,11.0,5.720000000000001,"Solana Up or Down - March 21, 2:40PM-2:45PM ET"
1774118555,2026-03-21 18:42:35,BUY,Down,0.42,14.0,5.88,"Solana Up or Down - March 21, 2:40PM-2:45PM ET"
1774118555,2026-03-21 18:42:35,BUY,Up,0.5100000276851863,7.22408,3.6842810000000004,"Solana Up or Down - March 21, 2:40PM-2:45PM ET"
1774118555,2026-03-21 18:42:35,BUY,Up,0.52,3.0,1.56,"Solana Up or Down - March 21, 2:40PM-2:45PM ET"
1774118559,2026-03-21 18:42:39,BUY,Up,0.4700000425418168,5.641508,2.651509,"Solana Up or Down - March 21, 2:40PM-2:45PM ET"
1774118559,2026-03-21 18:42:39,BUY,Up,0.47,4.92,2.3124,"Solana Up or Down - March 21, 2:40PM-2:45PM ET"
1774118565,2026-03-21 18:42:45,BUY,Up,0.47000004946667856,5.660376,2.6603770000000004,"Solana Up or Down - March 21, 2:40PM-2:45PM ET"
1774118565,2026-03-21 18:42:45,BUY,Up,0.47,0.96,0.45119999999999993,"Solana Up or Down - March 21, 2:40PM-2:45PM ET"
1774118567,2026-03-21 18:42:47,BUY,Up,0.52,1.0,0.52,"Solana Up or Down - March 21, 2:40PM-2:45PM ET"
1774118567,2026-03-21 18:42:47,BUY,Up,0.52,11.0,5.720000000000001,"Solana Up or Down - March 21, 2:40PM-2:45PM ET"
1774118567,2026-03-21 18:42:47,BUY,Down,0.4,14.0,5.6000000000000005,"Solana Up or Down - March 21, 2:40PM-2:45PM ET"
1774118567,2026-03-21 18:42:47,BUY,Up,0.52,2.0,1.04,"Solana Up or Down - March 21, 2:40PM-2:45PM ET"
1774118571,2026-03-21 18:42:51,BUY,Down,0.4,0.5,0.2,"Solana Up or Down - March 21, 2:40PM-2:45PM ET"
1774118573,2026-03-21 18:42:53,BUY,Up,0.6500004277782055,1.285713,0.8357140000000001,"Ethereum Up or Down - March 21, 2:40PM-2:45PM ET"
1774118573,2026-03-21 18:42:53,BUY,Up,0.65,24.71,16.061500000000002,"Ethereum Up or Down - March 21, 2:40PM-2:45PM ET"
1774118575,2026-03-21 18:42:55,BUY,Down,0.36,2.43,0.8748,"Solana Up or Down - March 21, 2:40PM-2:45PM ET"
1774118575,2026-03-21 18:42:55,BUY,Down,0.36,11.5625,4.1625,"Solana Up or Down - March 21, 2:40PM-2:45PM ET"
1774118575,2026-03-21 18:42:55,BUY,Down,0.31,7.48,2.3188,"Solana Up or Down - March 21, 2:40PM-2:45PM ET"
1774118575,2026-03-21 18:42:55,BUY,Down,0.3,10.0,3.0,"Solana Up or Down - March 21, 2:40PM-2:45PM ET"
1774118575,2026-03-21 18:42:55,BUY,Down,0.3100000414000389,2.898548,0.89855,"Solana Up or Down - March 21, 2:40PM-2:45PM ET"
1774118575,2026-03-21 18:42:55,BUY,Down,0.3,2.0,0.6,"Solana Up or Down - March 21, 2:40PM-2:45PM ET"
1774118575,2026-03-21 18:42:55,BUY,Down,0.34,14.0,4.760000000000001,"Solana Up or Down - March 21, 2:40PM-2:45PM ET"
1774118575,2026-03-21 18:42:55,BUY,Down,0.35,14.0,4.8999999999999995,"Solana Up or Down - March 21, 2:40PM-2:45PM ET"
1774118581,2026-03-21 18:43:01,BUY,Down,0.1500000850003315,1.176466,0.17647,"Ethereum Up or Down - March 21, 2:40PM-2:45PM ET"
1774118583,2026-03-21 18:43:03,BUY,Up,0.87,2.0,1.74,"Solana Up or Down - March 21, 2:40PM-2:45PM ET"
1774118583,2026-03-21 18:43:03,BUY,Up,0.88,2.0,1.76,"Solana Up or Down - March 21, 2:40PM-2:45PM ET"
1774118587,2026-03-21 18:43:07,BUY,Down,0.12,26.0,3.12,"Ethereum Up or Down - March 21, 2:40PM-2:45PM ET"
1774118589,2026-03-21 18:43:09,BUY,Down,0.16,5.0,0.8,"Ethereum Up or Down - March 21, 2:40PM-2:45PM ET"
1774118589,2026-03-21 18:43:09,BUY,Up,0.82,26.0,21.32,"Ethereum Up or Down - March 21, 2:40PM-2:45PM ET"
1774118593,2026-03-21 18:43:13,BUY,Up,0.82,20.38,16.711599999999997,"Ethereum Up or Down - March 21, 2:40PM-2:45PM ET"
1774118593,2026-03-21 18:43:13,BUY,Down,0.17000009130017255,1.204817,0.204819,"Ethereum Up or Down - March 21, 2:40PM-2:45PM ET"
1774118599,2026-03-21 18:43:19,BUY,Down,0.18,5.0,0.8999999999999999,"Ethereum Up or Down - March 21, 2:40PM-2:45PM ET"
1774118605,2026-03-21 18:43:25,BUY,Down,0.15000001700002005,5.882346,0.8823519999999999,"Ethereum Up or Down - March 21, 2:40PM-2:45PM ET"
1774118605,2026-03-21 18:43:25,BUY,Down,0.1500000038636374,12.941173,1.941176,"Ethereum Up or Down - March 21, 2:40PM-2:45PM ET"
1774118607,2026-03-21 18:43:27,BUY,Up,0.83,7.88,6.5404,"Ethereum Up or Down - March 21, 2:40PM-2:45PM ET"
1774118611,2026-03-21 18:43:31,BUY,Up,0.83,5.89,4.888699999999999,"Ethereum Up or Down - March 21, 2:40PM-2:45PM ET"
1774118611,2026-03-21 18:43:31,BUY,Up,0.94,2.54,2.3876,"Solana Up or Down - March 21, 2:40PM-2:45PM ET"
1774118617,2026-03-21 18:43:37,BUY,Up,0.660000083111137,5.294116,3.494117,"Ethereum Up or Down - March 21, 2:40PM-2:45PM ET"
1774118617,2026-03-21 18:43:37,BUY,Up,0.6600000528888954,10.588234,6.988235,"Ethereum Up or Down - March 21, 2:40PM-2:45PM ET"
1774118625,2026-03-21 18:43:45,BUY,Down,0.4,1.0,0.4,"Ethereum Up or Down - March 21, 2:40PM-2:45PM ET"
1774118639,2026-03-21 18:43:59,BUY,Up,0.6,2.5,1.5,"Ethereum Up or Down - March 21, 2:40PM-2:45PM ET"
1774118651,2026-03-21 18:44:11,BUY,Up,0.39,26.0,10.14,"Ethereum Up or Down - March 21, 2:40PM-2:45PM ET"
1774118651,2026-03-21 18:44:11,BUY,Up,0.89,9.98,8.882200000000001,"Solana Up or Down - March 21, 2:40PM-2:45PM ET"
1774118677,2026-03-21 18:44:37,BUY,Down,0.67,5.0,3.35,"Ethereum Up or Down - March 21, 2:40PM-2:45PM ET"
1774118683,2026-03-21 18:44:43,BUY,Down,0.7700000487658278,13.739129,10.57913,"Ethereum Up or Down - March 21, 2:40PM-2:45PM ET"
1774118683,2026-03-21 18:44:43,BUY,Down,0.77,1.51,1.1627,"Ethereum Up or Down - March 21, 2:40PM-2:45PM ET"
1774118689,2026-03-21 18:44:49,BUY,Down,0.3000000046979869,21.285713,6.385714000000001,"Ethereum Up or Down - March 21, 2:40PM-2:45PM ET"
1774118689,2026-03-21 18:44:49,BUY,Down,0.3,4.71,1.413,"Ethereum Up or Down - March 21, 2:40PM-2:45PM ET"
1774118689,2026-03-21 18:44:49,BUY,Down,0.31,2.61,0.8090999999999999,"Ethereum Up or Down - March 21, 2:40PM-2:45PM ET"
1774118689,2026-03-21 18:44:49,BUY,Up,0.41,8.09,3.3169,"Ethereum Up or Down - March 21, 2:40PM-2:45PM ET"
1774118689,2026-03-21 18:44:49,BUY,Down,0.31000000172213005,17.420287,5.400288999999999,"Ethereum Up or Down - March 21, 2:40PM-2:45PM ET"
1774118689,2026-03-21 18:44:49,BUY,Down,0.3100000184671618,5.956519,1.846521,"Ethereum Up or Down - March 21, 2:40PM-2:45PM ET"
1774118691,2026-03-21 18:44:51,BUY,Down,0.2,0.23,0.046000000000000006,"Ethereum Up or Down - March 21, 2:40PM-2:45PM ET"
1774118691,2026-03-21 18:44:51,BUY,Up,0.78,26.0,20.28,"Ethereum Up or Down - March 21, 2:40PM-2:45PM ET"
1774118693,2026-03-21 18:44:53,BUY,Down,0.1900000113855443,6.148147,1.168148,"Ethereum Up or Down - March 21, 2:40PM-2:45PM ET"
1774118693,2026-03-21 18:44:53,BUY,Down,0.19,10.88,2.0672,"Ethereum Up or Down - March 21, 2:40PM-2:45PM ET"
1774118693,2026-03-21 18:44:53,BUY,Down,0.1700000033200013,6.024094,1.024096,"Ethereum Up or Down - March 21, 2:40PM-2:45PM ET"
1774118697,2026-03-21 18:44:57,BUY,Down,0.11,26.0,2.86,"Ethereum Up or Down - March 21, 2:40PM-2:45PM ET"
1774118707,2026-03-21 18:45:07,BUY,Down,0.5500000861702329,5.222221,2.872222,"Ethereum Up or Down - March 21, 2:45PM-2:50PM ET"
1774118707,2026-03-21 18:45:07,BUY,Down,0.55,18.66,10.263000000000002,"Ethereum Up or Down - March 21, 2:45PM-2:50PM ET"
1774118709,2026-03-21 18:45:09,,,0.0,233.780092,0.0,"Ethereum Up or Down - March 21, 2:35PM-2:40PM ET"
1774118709,2026-03-21 18:45:09,,,0.0,144.575241,0.0,"Solana Up or Down - March 21, 2:35PM-2:40PM ET"
1774118709,2026-03-21 18:45:09,BUY,Down,0.56,14.0,7.840000000000001,"Solana Up or Down - March 21, 2:45PM-2:50PM ET"
1774118713,2026-03-21 18:45:13,BUY,Up,0.44,14.0,6.16,"Solana Up or Down - March 21, 2:45PM-2:50PM ET"
1774118715,2026-03-21 18:45:15,BUY,Up,0.44,14.0,6.16,"Solana Up or Down - March 21, 2:45PM-2:50PM ET"
1774118715,2026-03-21 18:45:15,BUY,Up,0.4300001233250175,2.513683,1.080884,"Solana Up or Down - March 21, 2:45PM-2:50PM ET"
1774118723,2026-03-21 18:45:23,BUY,Up,0.44,5.0,2.2,"Solana Up or Down - March 21, 2:45PM-2:50PM ET"
1774118725,2026-03-21 18:45:25,BUY,Up,0.44000006853414597,5.252856,2.311257,"Ethereum Up or Down - March 21, 2:45PM-2:50PM ET"
1774118727,2026-03-21 18:45:27,BUY,Up,0.4500000275000124,3.636362,1.636363,"Solana Up or Down - March 21, 2:45PM-2:50PM ET"
1774118731,2026-03-21 18:45:31,BUY,Up,0.44,26.0,11.44,"Ethereum Up or Down - March 21, 2:45PM-2:50PM ET"
1774118733,2026-03-21 18:45:33,BUY,Down,0.5500000097898453,25.536665,14.045166,"Ethereum Up or Down - March 21, 2:45PM-2:50PM ET"
1774118735,2026-03-21 18:45:35,BUY,Up,0.46000003413793866,6.444443,2.964444,"Ethereum Up or Down - March 21, 2:45PM-2:50PM ET"
1774118735,2026-03-21 18:45:35,BUY,Up,0.46000002440678545,6.555554,3.015555,"Ethereum Up or Down - March 21, 2:45PM-2:50PM ET"
1774118755,2026-03-21 18:45:55,BUY,Up,0.31,11.96,3.7076000000000002,"Solana Up or Down - March 21, 2:45PM-2:50PM ET"
1774118755,2026-03-21 18:45:55,BUY,Up,0.34,11.0,3.74,"Ethereum Up or Down - March 21, 2:45PM-2:50PM ET"
1774118757,2026-03-21 18:45:57,BUY,Up,0.34,8.42,2.8628,"Ethereum Up or Down - March 21, 2:45PM-2:50PM ET"
1774118757,2026-03-21 18:45:57,BUY,Up,0.33,0.08,0.026400000000000003,"Ethereum Up or Down - March 21, 2:45PM-2:50PM ET"
1774118757,2026-03-21 18:45:57,BUY,Up,0.3400000364926656,6.576664,2.236066,"Ethereum Up or Down - March 21, 2:45PM-2:50PM ET"
1774118763,2026-03-21 18:46:03,BUY,Down,0.7100000365952422,14.482757,10.282758000000001,"Ethereum Up or Down - March 21, 2:45PM-2:50PM ET"
1774118763,2026-03-21 18:46:03,BUY,Up,0.25,2.033332,0.508333,"Solana Up or Down - March 21, 2:45PM-2:50PM ET"
1774118767,2026-03-21 18:46:07,BUY,Down,0.7300001629289865,4.112221,3.0019219999999995,"Solana Up or Down - March 21, 2:45PM-2:50PM ET"
1774118773,2026-03-21 18:46:13,BUY,Down,0.74,26.0,19.24,"Ethereum Up or Down - March 21, 2:45PM-2:50PM ET"
1774118811,2026-03-21 18:46:51,BUY,Down,0.78000008548573,7.954544,6.204545,"Solana Up or Down - March 21, 2:45PM-2:50PM ET"
1774118831,2026-03-21 18:47:11,BUY,Down,0.73,4.43,3.2338999999999998,"Solana Up or Down - March 21, 2:45PM-2:50PM ET"
1774118831,2026-03-21 18:47:11,BUY,Down,0.7300000616605478,9.568517,6.985017999999999,"Solana Up or Down - March 21, 2:45PM-2:50PM ET"
1774118831,2026-03-21 18:47:11,BUY,Down,0.72,9.0,6.4799999999999995,"Solana Up or Down - March 21, 2:45PM-2:50PM ET"
1774118831,2026-03-21 18:47:11,BUY,Down,0.67,10.0,6.7,"Ethereum Up or Down - March 21, 2:45PM-2:50PM ET"
1774118833,2026-03-21 18:47:13,BUY,Down,0.72,5.0,3.5999999999999996,"Solana Up or Down - March 21, 2:45PM-2:50PM ET"
1774118839,2026-03-21 18:47:19,BUY,Up,0.21000001221318226,15.556961,3.266962,"Ethereum Up or Down - March 21, 2:45PM-2:50PM ET"
1774118839,2026-03-21 18:47:19,BUY,Up,0.21,10.44,2.1923999999999997,"Ethereum Up or Down - March 21, 2:45PM-2:50PM ET"
1774118847,2026-03-21 18:47:27,BUY,Down,0.79,5.0,3.95,"Ethereum Up or Down - March 21, 2:45PM-2:50PM ET"
1774118849,2026-03-21 18:47:29,BUY,Up,0.2,0.1,0.020000000000000004,"Solana Up or Down - March 21, 2:45PM-2:50PM ET"
1774118849,2026-03-21 18:47:29,BUY,Up,0.2,6.0,1.2000000000000002,"Solana Up or Down - March 21, 2:45PM-2:50PM ET"
1774118853,2026-03-21 18:47:33,BUY,Down,0.8,7.34,5.872,"Ethereum Up or Down - March 21, 2:45PM-2:50PM ET"
1774118857,2026-03-21 18:47:37,BUY,Up,0.16,14.0,2.24,"Solana Up or Down - March 21, 2:45PM-2:50PM ET"
1774118859,2026-03-21 18:47:39,BUY,Up,0.14,11.6279,1.6279060000000003,"Solana Up or Down - March 21, 2:45PM-2:50PM ET"
1774118859,2026-03-21 18:47:39,BUY,Up,0.1400000860004214,1.162785,0.16279,"Solana Up or Down - March 21, 2:45PM-2:50PM ET"
1774118865,2026-03-21 18:47:45,BUY,Down,0.81,0.29,0.2349,"Ethereum Up or Down - March 21, 2:45PM-2:50PM ET"
1774118865,2026-03-21 18:47:45,BUY,Up,0.17,5.0,0.8500000000000001,"Ethereum Up or Down - March 21, 2:45PM-2:50PM ET"
1774118865,2026-03-21 18:47:45,BUY,Up,0.17,5.0,0.8500000000000001,"Ethereum Up or Down - March 21, 2:45PM-2:50PM ET"
1774118869,2026-03-21 18:47:49,BUY,Down,0.83,26.0,21.58,"Ethereum Up or Down - March 21, 2:45PM-2:50PM ET"
1774118869,2026-03-21 18:47:49,BUY,Down,0.84,26.0,21.84,"Ethereum Up or Down - March 21, 2:45PM-2:50PM ET"
1774118887,2026-03-21 18:48:07,BUY,Up,0.1,8.33333,0.8333330000000001,"Solana Up or Down - March 21, 2:45PM-2:50PM ET"
1774118899,2026-03-21 18:48:19,BUY,Down,0.83,14.0,11.62,"Solana Up or Down - March 21, 2:45PM-2:50PM ET"
1774118901,2026-03-21 18:48:21,BUY,Down,0.84,0.25,0.21,"Solana Up or Down - March 21, 2:45PM-2:50PM ET"
1774118901,2026-03-21 18:48:21,BUY,Down,0.84,6.75,5.67,"Solana Up or Down - March 21, 2:45PM-2:50PM ET"
1774118901,2026-03-21 18:48:21,BUY,Down,0.84,7.0,5.88,"Solana Up or Down - March 21, 2:45PM-2:50PM ET"
1774118905,2026-03-21 18:48:25,BUY,Down,0.83,6.0,4.9799999999999995,"Solana Up or Down - March 21, 2:45PM-2:50PM ET"
1774118905,2026-03-21 18:48:25,BUY,Down,0.83,8.0,6.64,"Solana Up or Down - March 21, 2:45PM-2:50PM ET"
1774118913,2026-03-21 18:48:33,BUY,Down,0.88,5.0,4.4,"Solana Up or Down - March 21, 2:45PM-2:50PM ET"
1774118925,2026-03-21 18:48:45,BUY,Down,0.9,10.0,9.0,"Solana Up or Down - March 21, 2:45PM-2:50PM ET"
1774118927,2026-03-21 18:48:47,BUY,Up,0.08000001226669512,3.260862,0.26086899999999996,"Solana Up or Down - March 21, 2:45PM-2:50PM ET"
1774118969,2026-03-21 18:49:29,BUY,Down,0.96,14.0,13.44,"Solana Up or Down - March 21, 2:45PM-2:50PM ET"
1774118987,2026-03-21 18:49:47,BUY,Down,0.98,13.62,13.347599999999998,"Solana Up or Down - March 21, 2:45PM-2:50PM ET"
1774119009,2026-03-21 18:50:09,,,0.0,161.079767,0.0,"Solana Up or Down - March 21, 2:40PM-2:45PM ET"
1774119009,2026-03-21 18:50:09,,,0.0,303.008535,0.0,"Ethereum Up or Down - March 21, 2:40PM-2:45PM ET"
1774119009,2026-03-21 18:50:09,BUY,Up,0.47,14.0,6.58,"Solana Up or Down - March 21, 2:50PM-2:55PM ET"
1774119009,2026-03-21 18:50:09,BUY,Down,0.530000011280002,10.638296,5.638297,"Ethereum Up or Down - March 21, 2:50PM-2:55PM ET"
1774119011,2026-03-21 18:50:11,BUY,Down,0.5300000158173109,8.851062,4.691063,"Ethereum Up or Down - March 21, 2:50PM-2:55PM ET"
1774119015,2026-03-21 18:50:15,BUY,Up,0.4,14.0,5.6000000000000005,"Solana Up or Down - March 21, 2:50PM-2:55PM ET"
1774119015,2026-03-21 18:50:15,BUY,Up,0.34,0.34,0.11560000000000002,"Ethereum Up or Down - March 21, 2:50PM-2:55PM ET"
1774119015,2026-03-21 18:50:15,BUY,Up,0.34000013584926164,1.766664,0.6006659999999999,"Ethereum Up or Down - March 21, 2:50PM-2:55PM ET"
1774119015,2026-03-21 18:50:15,BUY,Up,0.38,8.91,3.3858,"Solana Up or Down - March 21, 2:50PM-2:55PM ET"
1774119015,2026-03-21 18:50:15,BUY,Up,0.3800000551111237,5.080644,1.9306450000000002,"Solana Up or Down - March 21, 2:50PM-2:55PM ET"
1774119015,2026-03-21 18:50:15,BUY,Up,0.3300000132480113,8.303133,2.740034,"Ethereum Up or Down - March 21, 2:50PM-2:55PM ET"
1774119015,2026-03-21 18:50:15,BUY,Up,0.41,14.0,5.739999999999999,"Solana Up or Down - March 21, 2:50PM-2:55PM ET"
1774119017,2026-03-21 18:50:17,BUY,Down,0.65,26.0,16.900000000000002,"Ethereum Up or Down - March 21, 2:50PM-2:55PM ET"
1774119017,2026-03-21 18:50:17,BUY,Up,0.33,17.69,5.837700000000001,"Ethereum Up or Down - March 21, 2:50PM-2:55PM ET"
1774119017,2026-03-21 18:50:17,BUY,Up,0.33,26.0,8.58,"Ethereum Up or Down - March 21, 2:50PM-2:55PM ET"
1774119017,2026-03-21 18:50:17,BUY,Up,0.34000003984906174,8.030302,2.7303030000000006,"Ethereum Up or Down - March 21, 2:50PM-2:55PM ET"
1774119017,2026-03-21 18:50:17,BUY,Up,0.34000004551724805,7.030302,2.390303,"Ethereum Up or Down - March 21, 2:50PM-2:55PM ET"
1774119017,2026-03-21 18:50:17,BUY,Up,0.34000001590361684,8.803029,2.9930300000000005,"Ethereum Up or Down - March 21, 2:50PM-2:55PM ET"
1774119017,2026-03-21 18:50:17,BUY,Up,0.32,9.23,2.9536000000000002,"Ethereum Up or Down - March 21, 2:50PM-2:55PM ET"
1774119035,2026-03-21 18:50:35,BUY,Down,0.69,26.0,17.939999999999998,"Ethereum Up or Down - March 21, 2:50PM-2:55PM ET"
1774119045,2026-03-21 18:50:45,BUY,Down,0.73,26.0,18.98,"Ethereum Up or Down - March 21, 2:50PM-2:55PM ET"
1774119047,2026-03-21 18:50:47,BUY,Up,0.25,18.29,4.5725,"Ethereum Up or Down - March 21, 2:50PM-2:55PM ET"
1774119049,2026-03-21 18:50:49,BUY,Up,0.23,26.0,5.98,"Ethereum Up or Down - March 21, 2:50PM-2:55PM ET"
1774119055,2026-03-21 18:50:55,BUY,Up,0.17,0.35,0.0595,"Ethereum Up or Down - March 21, 2:50PM-2:55PM ET"
1774119059,2026-03-21 18:50:59,BUY,Down,0.72,26.0,18.72,"Ethereum Up or Down - March 21, 2:50PM-2:55PM ET"
1774119073,2026-03-21 18:51:13,BUY,Up,0.24,2.44,0.5856,"Ethereum Up or Down - March 21, 2:50PM-2:55PM ET"
1774119075,2026-03-21 18:51:15,BUY,Down,0.74,26.0,19.24,"Ethereum Up or Down - March 21, 2:50PM-2:55PM ET"
1774119081,2026-03-21 18:51:21,BUY,Down,0.75,11.09,8.317499999999999,"Ethereum Up or Down - March 21, 2:50PM-2:55PM ET"
1774119081,2026-03-21 18:51:21,BUY,Down,0.75,14.91,11.182500000000001,"Ethereum Up or Down - March 21, 2:50PM-2:55PM ET"
1774119083,2026-03-21 18:51:23,BUY,Up,0.17,1.09,0.18530000000000002,"Ethereum Up or Down - March 21, 2:50PM-2:55PM ET"
1774119083,2026-03-21 18:51:23,BUY,Up,0.17,5.0,0.8500000000000001,"Ethereum Up or Down - March 21, 2:50PM-2:55PM ET"
1774119085,2026-03-21 18:51:25,BUY,Down,0.68,10.73,7.296400000000001,"Solana Up or Down - March 21, 2:50PM-2:55PM ET"
1774119085,2026-03-21 18:51:25,BUY,Up,0.11,5.88,0.6468,"Ethereum Up or Down - March 21, 2:50PM-2:55PM ET"
1774119085,2026-03-21 18:51:25,BUY,Up,0.1,9.66666,0.966666,"Ethereum Up or Down - March 21, 2:50PM-2:55PM ET"
1774119087,2026-03-21 18:51:27,BUY,Up,0.1,16.33,1.633,"Ethereum Up or Down - March 21, 2:50PM-2:55PM ET"
1774119087,2026-03-21 18:51:27,BUY,Up,0.11,10.0,1.1,"Ethereum Up or Down - March 21, 2:50PM-2:55PM ET"
1774119087,2026-03-21 18:51:27,BUY,Up,0.11000000593333659,10.112354,1.1123589999999999,"Ethereum Up or Down - March 21, 2:50PM-2:55PM ET"
1774119093,2026-03-21 18:51:33,BUY,Up,0.07000001116000433,5.376342,0.376344,"Ethereum Up or Down - March 21, 2:50PM-2:55PM ET"
1774119101,2026-03-21 18:51:41,BUY,Down,0.8100000544961296,13.578946,10.998947000000001,"Solana Up or Down - March 21, 2:50PM-2:55PM ET"
1774119107,2026-03-21 18:51:47,BUY,Up,0.06,26.0,1.56,"Ethereum Up or Down - March 21, 2:50PM-2:55PM ET"
1774119123,2026-03-21 18:52:03,BUY,Up,0.1,4.72,0.472,"Solana Up or Down - March 21, 2:50PM-2:55PM ET"
1774119125,2026-03-21 18:52:05,BUY,Down,0.8700002112500969,3.692306,3.212307,"Solana Up or Down - March 21, 2:50PM-2:55PM ET"
1774119125,2026-03-21 18:52:05,BUY,Down,0.88,14.0,12.32,"Solana Up or Down - March 21, 2:50PM-2:55PM ET"
1774119125,2026-03-21 18:52:05,BUY,Down,0.85,6.78,5.763,"Solana Up or Down - March 21, 2:50PM-2:55PM ET"
1774119125,2026-03-21 18:52:05,BUY,Down,0.87,14.0,12.18,"Solana Up or Down - March 21, 2:50PM-2:55PM ET"
1774119125,2026-03-21 18:52:05,BUY,Down,0.85,1.1,0.935,"Solana Up or Down - March 21, 2:50PM-2:55PM ET"
1774119125,2026-03-21 18:52:05,BUY,Down,0.86,10.0,8.6,"Solana Up or Down - March 21, 2:50PM-2:55PM ET"
1774119125,2026-03-21 18:52:05,BUY,Down,0.86,4.0,3.44,"Solana Up or Down - March 21, 2:50PM-2:55PM ET"
1774119125,2026-03-21 18:52:05,BUY,Up,0.12,13.65,1.638,"Solana Up or Down - March 21, 2:50PM-2:55PM ET"
1774119129,2026-03-21 18:52:09,BUY,Down,0.89,14.0,12.46,"Solana Up or Down - March 21, 2:50PM-2:55PM ET"
1774119143,2026-03-21 18:52:23,BUY,Down,0.91,14.0,12.74,"Solana Up or Down - March 21, 2:50PM-2:55PM ET"
1774119307,2026-03-21 18:55:07,,,0.0,138.685282,0.0,"Solana Up or Down - March 21, 2:45PM-2:50PM ET"
1774119307,2026-03-21 18:55:07,,,0.0,164.531643,0.0,"Ethereum Up or Down - March 21, 2:45PM-2:50PM ET"
1774119309,2026-03-21 18:55:09,BUY,Down,0.42,10.94,4.594799999999999,"Ethereum Up or Down - March 21, 2:55PM-3:00PM ET"
1774119309,2026-03-21 18:55:09,BUY,Down,0.42,15.06,6.3252,"Ethereum Up or Down - March 21, 2:55PM-3:00PM ET"
1774119311,2026-03-21 18:55:11,BUY,Down,0.5,0.49,0.245,"Solana Up or Down - March 21, 2:55PM-3:00PM ET"
1774119311,2026-03-21 18:55:11,BUY,Up,0.5700000589516524,2.883719,1.6437200000000003,"Solana Up or Down - March 21, 2:55PM-3:00PM ET"
1774119311,2026-03-21 18:55:11,BUY,Up,0.57,11.11,6.332699999999999,"Solana Up or Down - March 21, 2:55PM-3:00PM ET"
1774119311,2026-03-21 18:55:11,BUY,Down,0.47,14.0,6.58,"Solana Up or Down - March 21, 2:55PM-3:00PM ET"
1774119311,2026-03-21 18:55:11,BUY,Down,0.5,13.51,6.755,"Solana Up or Down - March 21, 2:55PM-3:00PM ET"
1774119313,2026-03-21 18:55:13,BUY,Up,0.5500001088710292,2.755554,1.5155550000000002,"Solana Up or Down - March 21, 2:55PM-3:00PM ET"
1774119315,2026-03-21 18:55:15,BUY,Up,0.5600000709677877,2.81818,1.5781809999999998,"Solana Up or Down - March 21, 2:55PM-3:00PM ET"
1774119315,2026-03-21 18:55:15,BUY,Up,0.57,5.0,2.8499999999999996,"Solana Up or Down - March 21, 2:55PM-3:00PM ET"
1774119315,2026-03-21 18:55:15,BUY,Up,0.57,3.65,2.0805,"Solana Up or Down - March 21, 2:55PM-3:00PM ET"
1774119315,2026-03-21 18:55:15,BUY,Up,0.5700000897391507,5.348836,3.0488370000000002,"Solana Up or Down - March 21, 2:55PM-3:00PM ET"
1774119317,2026-03-21 18:55:17,BUY,Down,0.3900000773357018,3.361966,1.311167,"Ethereum Up or Down - March 21, 2:55PM-3:00PM ET"
1774119319,2026-03-21 18:55:19,BUY,Down,0.4,9.75,3.9000000000000004,"Solana Up or Down - March 21, 2:55PM-3:00PM ET"
1774119321,2026-03-21 18:55:21,BUY,Up,0.5900000508899353,10.414633,6.144634,"Solana Up or Down - March 21, 2:55PM-3:00PM ET"
1774119323,2026-03-21 18:55:23,BUY,Down,0.4000000184615407,10.833332,4.333333,"Solana Up or Down - March 21, 2:55PM-3:00PM ET"
1774119325,2026-03-21 18:55:25,BUY,Down,0.35,4.6,1.6099999999999999,"Solana Up or Down - March 21, 2:55PM-3:00PM ET"
1774119325,2026-03-21 18:55:25,BUY,Down,0.39,14.0,5.46,"Solana Up or Down - March 21, 2:55PM-3:00PM ET"
1774119327,2026-03-21 18:55:27,BUY,Down,0.35,9.4,3.29,"Solana Up or Down - March 21, 2:55PM-3:00PM ET"
1774119327,2026-03-21 18:55:27,BUY,Down,0.33,5.92,1.9536,"Solana Up or Down - March 21, 2:55PM-3:00PM ET"
1774119327,2026-03-21 18:55:27,BUY,Down,0.33000006274251104,4.462684,1.4726860000000002,"Solana Up or Down - March 21, 2:55PM-3:00PM ET"
1774119331,2026-03-21 18:55:31,BUY,Down,0.32,2.941175,0.941176,"Solana Up or Down - March 21, 2:55PM-3:00PM ET"
1774119335,2026-03-21 18:55:35,BUY,Down,0.32,11.05,3.5360000000000005,"Solana Up or Down - March 21, 2:55PM-3:00PM ET"
1774119353,2026-03-21 18:55:53,BUY,Up,0.73,2.0,1.46,"Ethereum Up or Down - March 21, 2:55PM-3:00PM ET"
1774119355,2026-03-21 18:55:55,BUY,Up,0.73,15.0,10.95,"Ethereum Up or Down - March 21, 2:55PM-3:00PM ET"
1774119359,2026-03-21 18:55:59,BUY,Up,0.73,0.67,0.48910000000000003,"Ethereum Up or Down - March 21, 2:55PM-3:00PM ET"
1774119361,2026-03-21 18:56:01,BUY,Up,0.73,0.01,0.0073,"Ethereum Up or Down - March 21, 2:55PM-3:00PM ET"
1774119363,2026-03-21 18:56:03,BUY,Up,0.7300001372500446,4.444443,3.244444,"Ethereum Up or Down - March 21, 2:55PM-3:00PM ET"
1774119363,2026-03-21 18:56:03,BUY,Up,0.7300001458000671,3.703702,2.703703,"Ethereum Up or Down - March 21, 2:55PM-3:00PM ET"
1774119365,2026-03-21 18:56:05,BUY,Down,0.25,9.6,2.4,"Ethereum Up or Down - March 21, 2:55PM-3:00PM ET"
1774119365,2026-03-21 18:56:05,BUY,Down,0.25,16.146664,4.036666,"Ethereum Up or Down - March 21, 2:55PM-3:00PM ET"
1774119415,2026-03-21 18:56:55,BUY,Up,0.71,0.26,0.1846,"Solana Up or Down - March 21, 2:55PM-3:00PM ET"
1774119415,2026-03-21 18:56:55,BUY,Up,0.7100000928000322,5.172412,3.6724129999999997,"Solana Up or Down - March 21, 2:55PM-3:00PM ET"
1774119415,2026-03-21 18:56:55,BUY,Up,0.7100001099450737,6.275861,4.455862,"Solana Up or Down - March 21, 2:55PM-3:00PM ET"
1774119415,2026-03-21 18:56:55,BUY,Up,0.7100003031819606,2.275861,1.615862,"Solana Up or Down - March 21, 2:55PM-3:00PM ET"
1774119417,2026-03-21 18:56:57,BUY,Up,0.81,26.0,21.060000000000002,"Ethereum Up or Down - March 21, 2:55PM-3:00PM ET"
1774119419,2026-03-21 18:56:59,BUY,Down,0.17,26.0,4.42,"Ethereum Up or Down - March 21, 2:55PM-3:00PM ET"
1774119421,2026-03-21 18:57:01,BUY,Up,0.71,26.0,18.46,"Ethereum Up or Down - March 21, 2:55PM-3:00PM ET"
1774119421,2026-03-21 18:57:01,BUY,Up,0.6700000519230869,8.666665,5.806666,"Solana Up or Down - March 21, 2:55PM-3:00PM ET"
1774119423,2026-03-21 18:57:03,BUY,Up,0.7300001311428871,5.185184,3.7851849999999994,"Ethereum Up or Down - March 21, 2:55PM-3:00PM ET"
1774119423,2026-03-21 18:57:03,BUY,Up,0.74,8.61,6.3713999999999995,"Ethereum Up or Down - March 21, 2:55PM-3:00PM ET"
1774119423,2026-03-21 18:57:03,BUY,Up,0.74,12.0,8.879999999999999,"Ethereum Up or Down - March 21, 2:55PM-3:00PM ET"
1774119425,2026-03-21 18:57:05,BUY,Up,0.7400001188571734,5.384614,3.9846150000000002,"Ethereum Up or Down - March 21, 2:55PM-3:00PM ET"
1774119441,2026-03-21 18:57:21,BUY,Up,0.66,14.0,9.24,"Solana Up or Down - March 21, 2:55PM-3:00PM ET"
1774119465,2026-03-21 18:57:45,BUY,Up,0.7,10.0,7.0,"Solana Up or Down - March 21, 2:55PM-3:00PM ET"
1774119467,2026-03-21 18:57:47,BUY,Down,0.27,1.2663,0.341901,"Solana Up or Down - March 21, 2:55PM-3:00PM ET"
1774119467,2026-03-21 18:57:47,BUY,Down,0.28,14.0,3.9200000000000004,"Solana Up or Down - March 21, 2:55PM-3:00PM ET"
1774119481,2026-03-21 18:58:01,BUY,Up,0.67,14.0,9.38,"Solana Up or Down - March 21, 2:55PM-3:00PM ET"
1774119483,2026-03-21 18:58:03,BUY,Up,0.67,12.96,8.683200000000001,"Solana Up or Down - March 21, 2:55PM-3:00PM ET"
1774119483,2026-03-21 18:58:03,BUY,Up,0.6700006405888759,1.030302,0.690303,"Solana Up or Down - March 21, 2:55PM-3:00PM ET"
1774119485,2026-03-21 18:58:05,BUY,Up,0.65,14.0,9.1,"Solana Up or Down - March 21, 2:55PM-3:00PM ET"
1774119485,2026-03-21 18:58:05,BUY,Up,0.66,14.0,9.24,"Solana Up or Down - March 21, 2:55PM-3:00PM ET"
1774119485,2026-03-21 18:58:05,BUY,Up,0.75,1.1,0.8250000000000001,"Ethereum Up or Down - March 21, 2:55PM-3:00PM ET"
1774119485,2026-03-21 18:58:05,BUY,Up,0.75,8.38,6.285,"Ethereum Up or Down - March 21, 2:55PM-3:00PM ET"
1774119485,2026-03-21 18:58:05,BUY,Up,0.75,16.52,12.39,"Ethereum Up or Down - March 21, 2:55PM-3:00PM ET"
1774119515,2026-03-21 18:58:35,BUY,Up,0.63,12.6,7.938,"Solana Up or Down - March 21, 2:55PM-3:00PM ET"
1774119529,2026-03-21 18:58:49,BUY,Down,0.2900001183333925,2.112675,0.612676,"Solana Up or Down - March 21, 2:55PM-3:00PM ET"
1774119529,2026-03-21 18:58:49,BUY,Down,0.28,14.0,3.9200000000000004,"Solana Up or Down - March 21, 2:55PM-3:00PM ET"
1774119529,2026-03-21 18:58:49,BUY,Down,0.2,20.31,4.062,"Ethereum Up or Down - March 21, 2:55PM-3:00PM ET"
1774119529,2026-03-21 18:58:49,BUY,Down,0.2,5.69,1.1380000000000001,"Ethereum Up or Down - March 21, 2:55PM-3:00PM ET"
1774119531,2026-03-21 18:58:51,BUY,Down,0.29,11.0,3.19,"Solana Up or Down - March 21, 2:55PM-3:00PM ET"
1774119531,2026-03-21 18:58:51,BUY,Down,0.29,0.88,0.2552,"Solana Up or Down - March 21, 2:55PM-3:00PM ET"
1774119543,2026-03-21 18:59:03,BUY,Down,0.25,5.0,1.25,"Solana Up or Down - March 21, 2:55PM-3:00PM ET"
1774119543,2026-03-21 18:59:03,BUY,Down,0.25,7.146664,1.786666,"Solana Up or Down - March 21, 2:55PM-3:00PM ET"
1774119543,2026-03-21 18:59:03,BUY,Down,0.26,14.0,3.64,"Solana Up or Down - March 21, 2:55PM-3:00PM ET"
1774119549,2026-03-21 18:59:09,BUY,Down,0.24,10.97,2.6328,"Solana Up or Down - March 21, 2:55PM-3:00PM ET"
1774119549,2026-03-21 18:59:09,BUY,Down,0.24,3.03,0.7272,"Solana Up or Down - March 21, 2:55PM-3:00PM ET"
1774119553,2026-03-21 18:59:13,BUY,Down,0.18,10.0,1.7999999999999998,"Solana Up or Down - March 21, 2:55PM-3:00PM ET"
1774119555,2026-03-21 18:59:15,BUY,Down,0.17,2.16,0.3672,"Solana Up or Down - March 21, 2:55PM-3:00PM ET"
1774119559,2026-03-21 18:59:19,BUY,Down,0.16,7.74,1.2384000000000002,"Solana Up or Down - March 21, 2:55PM-3:00PM ET"
1774119561,2026-03-21 18:59:21,BUY,Down,0.14,6.11,0.8554000000000002,"Solana Up or Down - March 21, 2:55PM-3:00PM ET"
1774119561,2026-03-21 18:59:21,BUY,Down,0.1500000116326872,4.298233,0.644735,"Solana Up or Down - March 21, 2:55PM-3:00PM ET"
1774119565,2026-03-21 18:59:25,BUY,Up,0.86,0.29,0.24939999999999998,"Solana Up or Down - March 21, 2:55PM-3:00PM ET"
1774119575,2026-03-21 18:59:35,BUY,Up,0.91,11.99,10.9109,"Solana Up or Down - March 21, 2:55PM-3:00PM ET"
1774119587,2026-03-21 18:59:47,BUY,Up,0.97,14.0,13.58,"Solana Up or Down - March 21, 2:55PM-3:00PM ET"
1774119589,2026-03-21 18:59:49,BUY,Up,0.97,1.07,1.0379,"Solana Up or Down - March 21, 2:55PM-3:00PM ET"
1774119589,2026-03-21 18:59:49,BUY,Up,0.97,14.0,13.58,"Solana Up or Down - March 21, 2:55PM-3:00PM ET"
1774119609,2026-03-21 19:00:09,BUY,Up,0.72,26.0,18.72,"Ethereum Up or Down - March 21, 3:00PM-3:05PM ET"
1774119609,2026-03-21 19:00:09,BUY,Up,0.720000151079225,3.177141,2.287542,"Solana Up or Down - March 21, 3:00PM-3:05PM ET"
1774119609,2026-03-21 19:00:09,BUY,Up,0.72,14.0,10.08,"Solana Up or Down - March 21, 3:00PM-3:05PM ET"
1774119611,2026-03-21 19:00:11,BUY,Up,0.71,14.0,9.94,"Solana Up or Down - March 21, 3:00PM-3:05PM ET"
1774119611,2026-03-21 19:00:11,BUY,Up,0.720000089600031,5.357141,3.857142,"Solana Up or Down - March 21, 3:00PM-3:05PM ET"
1774119611,2026-03-21 19:00:11,BUY,Up,0.72,6.38,4.5935999999999995,"Ethereum Up or Down - March 21, 3:00PM-3:05PM ET"
1774119611,2026-03-21 19:00:11,BUY,Up,0.72,2.0,1.44,"Ethereum Up or Down - March 21, 3:00PM-3:05PM ET"
1774119613,2026-03-21 19:00:13,BUY,Down,0.25,14.4,3.6,"Ethereum Up or Down - March 21, 3:00PM-3:05PM ET"
1774119613,2026-03-21 19:00:13,BUY,Up,0.71,14.0,9.94,"Solana Up or Down - March 21, 3:00PM-3:05PM ET"
1774119613,2026-03-21 19:00:13,BUY,Down,0.25,5.066664,1.266666,"Ethereum Up or Down - March 21, 3:00PM-3:05PM ET"
1774119613,2026-03-21 19:00:13,BUY,Down,0.25,16.6,4.15,"Ethereum Up or Down - March 21, 3:00PM-3:05PM ET"
1774119613,2026-03-21 19:00:13,BUY,Down,0.25,9.4,2.35,"Ethereum Up or Down - March 21, 3:00PM-3:05PM ET"
1774119613,2026-03-21 19:00:13,BUY,Down,0.260000032527483,7.378376,1.918378,"Solana Up or Down - March 21, 3:00PM-3:05PM ET"
1774119613,2026-03-21 19:00:13,BUY,Down,0.26,1.55,0.403,"Solana Up or Down - March 21, 3:00PM-3:05PM ET"
1774119613,2026-03-21 19:00:13,BUY,Up,0.72000002588598,23.17857,16.688571,"Ethereum Up or Down - March 21, 3:00PM-3:05PM ET"
1774119613,2026-03-21 19:00:13,BUY,Down,0.26000001973334336,5.067565,1.3175670000000002,"Solana Up or Down - March 21, 3:00PM-3:05PM ET"
1774119615,2026-03-21 19:00:15,BUY,Down,0.25,1.1,0.275,"Ethereum Up or Down - March 21, 3:00PM-3:05PM ET"
1774119615,2026-03-21 19:00:15,BUY,Up,0.73,26.0,18.98,"Ethereum Up or Down - March 21, 3:00PM-3:05PM ET"
1774119615,2026-03-21 19:00:15,BUY,Down,0.2700000623103429,2.888766,0.779967,"Solana Up or Down - March 21, 3:00PM-3:05PM ET"
1774119617,2026-03-21 19:00:17,,,0.0,105.881252,0.0,"Solana Up or Down - March 21, 2:50PM-2:55PM ET"
1774119617,2026-03-21 19:00:17,,,0.0,175.489358,0.0,"Ethereum Up or Down - March 21, 2:50PM-2:55PM ET"
1774119617,2026-03-21 19:00:17,BUY,Up,0.71,14.0,9.94,"Solana Up or Down - March 21, 3:00PM-3:05PM ET"
1774119621,2026-03-21 19:00:21,BUY,Down,0.25,3.536664,0.884166,"Solana Up or Down - March 21, 3:00PM-3:05PM ET"
1774119621,2026-03-21 19:00:21,BUY,Up,0.75,1.49,1.1175,"Solana Up or Down - March 21, 3:00PM-3:05PM ET"
1774119621,2026-03-21 19:00:21,BUY,Down,0.25,4.0,1.0,"Solana Up or Down - March 21, 3:00PM-3:05PM ET"
1774119621,2026-03-21 19:00:21,BUY,Down,0.23000277204546155,0.064934,0.014935000000000002,"Solana Up or Down - March 21, 3:00PM-3:05PM ET"
1774119621,2026-03-21 19:00:21,BUY,Down,0.25,1.6,0.4,"Solana Up or Down - March 21, 3:00PM-3:05PM ET"
1774119625,2026-03-21 19:00:25,BUY,Down,0.2800001440004032,1.388885,0.38888799999999996,"Solana Up or Down - March 21, 3:00PM-3:05PM ET"
1774119625,2026-03-21 19:00:25,BUY,Down,0.28,4.152775,1.1627770000000002,"Solana Up or Down - March 21, 3:00PM-3:05PM ET"
1774119625,2026-03-21 19:00:25,BUY,Up,0.75,26.0,19.5,"Ethereum Up or Down - March 21, 3:00PM-3:05PM ET"
1774119625,2026-03-21 19:00:25,BUY,Down,0.28,14.0,3.9200000000000004,"Solana Up or Down - March 21, 3:00PM-3:05PM ET"
1774119631,2026-03-21 19:00:31,BUY,Down,0.25,6.333332,1.583333,"Solana Up or Down - March 21, 3:00PM-3:05PM ET"
1774119631,2026-03-21 19:00:31,BUY,Down,0.24,26.0,6.24,"Ethereum Up or Down - March 21, 3:00PM-3:05PM ET"
1774119631,2026-03-21 19:00:31,BUY,Down,0.25,1.6,0.4,"Solana Up or Down - March 21, 3:00PM-3:05PM ET"
1774119633,2026-03-21 19:00:33,BUY,Up,0.72,26.0,18.72,"Ethereum Up or Down - March 21, 3:00PM-3:05PM ET"
1774119635,2026-03-21 19:00:35,BUY,Up,0.71,9.43,6.6953,"Ethereum Up or Down - March 21, 3:00PM-3:05PM ET"
1774119635,2026-03-21 19:00:35,BUY,Down,0.29,26.0,7.539999999999999,"Ethereum Up or Down - March 21, 3:00PM-3:05PM ET"
1774119637,2026-03-21 19:00:37,BUY,Down,0.26,4.0,1.04,"Solana Up or Down - March 21, 3:00PM-3:05PM ET"
1774119637,2026-03-21 19:00:37,BUY,Down,0.26,10.0,2.6,"Solana Up or Down - March 21, 3:00PM-3:05PM ET"
1774119639,2026-03-21 19:00:39,BUY,Down,0.47000013828569664,2.458678,1.155579,"Ethereum Up or Down - March 21, 3:00PM-3:05PM ET"
1774119639,2026-03-21 19:00:39,BUY,Up,0.61,12.9,7.869,"Solana Up or Down - March 21, 3:00PM-3:05PM ET"
1774119639,2026-03-21 19:00:39,BUY,Up,0.62,2.78,1.7235999999999998,"Solana Up or Down - March 21, 3:00PM-3:05PM ET"
1774119639,2026-03-21 19:00:39,BUY,Up,0.6200000805084916,6.210525,3.850526,"Solana Up or Down - March 21, 3:00PM-3:05PM ET"
1774119639,2026-03-21 19:00:39,BUY,Up,0.62,5.0,3.1,"Solana Up or Down - March 21, 3:00PM-3:05PM ET"
1774119639,2026-03-21 19:00:39,BUY,Up,0.61,1.1,0.671,"Solana Up or Down - March 21, 3:00PM-3:05PM ET"
1774119641,2026-03-21 19:00:41,BUY,Down,0.4700001219000939,1.886791,0.8867920000000001,"Ethereum Up or Down - March 21, 3:00PM-3:05PM ET"
1774119645,2026-03-21 19:00:45,BUY,Down,0.46,26.0,11.96,"Ethereum Up or Down - March 21, 3:00PM-3:05PM ET"
1774119651,2026-03-21 19:00:51,BUY,Down,0.44,26.0,11.44,"Ethereum Up or Down - March 21, 3:00PM-3:05PM ET"
1774119653,2026-03-21 19:00:53,BUY,Down,0.32,3.0,0.96,"Solana Up or Down - March 21, 3:00PM-3:05PM ET"
1774119655,2026-03-21 19:00:55,BUY,Down,0.32,5.0,1.6,"Solana Up or Down - March 21, 3:00PM-3:05PM ET"
1774119661,2026-03-21 19:01:01,BUY,Down,0.4400001568001129,1.785713,0.785714,"Ethereum Up or Down - March 21, 3:00PM-3:05PM ET"
1774119661,2026-03-21 19:01:01,BUY,Down,0.44,0.88,0.3872,"Ethereum Up or Down - March 21, 3:00PM-3:05PM ET"
1774119663,2026-03-21 19:01:03,BUY,Down,0.45000010779033056,3.710908,1.6699089999999999,"Ethereum Up or Down - March 21, 3:00PM-3:05PM ET"
1774119665,2026-03-21 19:01:05,BUY,Down,0.45,10.0,4.5,"Ethereum Up or Down - March 21, 3:00PM-3:05PM ET"
1774119667,2026-03-21 19:01:07,BUY,Down,0.45,12.28,5.526,"Ethereum Up or Down - March 21, 3:00PM-3:05PM ET"
1774119669,2026-03-21 19:01:09,BUY,Down,0.33,14.0,4.62,"Solana Up or Down - March 21, 3:00PM-3:05PM ET"
1774119675,2026-03-21 19:01:15,BUY,Down,0.33,8.93,2.9469,"Solana Up or Down - March 21, 3:00PM-3:05PM ET"
1774119675,2026-03-21 19:01:15,BUY,Down,0.45,8.34,3.753,"Ethereum Up or Down - March 21, 3:00PM-3:05PM ET"
1774119675,2026-03-21 19:01:15,BUY,Down,0.45,12.0,5.4,"Ethereum Up or Down - March 21, 3:00PM-3:05PM ET"
1774119675,2026-03-21 19:01:15,BUY,Down,0.450000035369784,5.654544,2.544545,"Ethereum Up or Down - March 21, 3:00PM-3:05PM ET"
1774119677,2026-03-21 19:01:17,BUY,Down,0.33,5.07,1.6731000000000003,"Solana Up or Down - March 21, 3:00PM-3:05PM ET"
1774119681,2026-03-21 19:01:21,BUY,Down,0.29000077209146713,0.310844,0.09014500000000002,"Solana Up or Down - March 21, 3:00PM-3:05PM ET"
1774119687,2026-03-21 19:01:27,BUY,Down,0.29000005680010904,1.408448,0.40845,"Solana Up or Down - March 21, 3:00PM-3:05PM ET"
1774119689,2026-03-21 19:01:29,BUY,Down,0.38,5.74,2.1812,"Ethereum Up or Down - March 21, 3:00PM-3:05PM ET"
1774119689,2026-03-21 19:01:29,BUY,Down,0.38000003100001395,3.225805,1.225806,"Ethereum Up or Down - March 21, 3:00PM-3:05PM ET"
1774119693,2026-03-21 19:01:33,BUY,Down,0.37000005460003166,4.761902,1.761904,"Ethereum Up or Down - March 21, 3:00PM-3:05PM ET"
1774119695,2026-03-21 19:01:35,BUY,Up,0.6400000146393547,21.858887,13.989688000000001,"Ethereum Up or Down - March 21, 3:00PM-3:05PM ET"
1774119697,2026-03-21 19:01:37,BUY,Up,0.73,26.0,18.98,"Ethereum Up or Down - March 21, 3:00PM-3:05PM ET"
1774119697,2026-03-21 19:01:37,BUY,Up,0.7,5.0,3.5,"Ethereum Up or Down - March 21, 3:00PM-3:05PM ET"
1774119697,2026-03-21 19:01:37,BUY,Up,0.71,26.0,18.46,"Ethereum Up or Down - March 21, 3:00PM-3:05PM ET"
1774119699,2026-03-21 19:01:39,BUY,Down,0.22,1.08,0.2376,"Solana Up or Down - March 21, 3:00PM-3:05PM ET"
1774119701,2026-03-21 19:01:41,BUY,Up,0.87,2.0,1.74,"Ethereum Up or Down - March 21, 3:00PM-3:05PM ET"
1774119701,2026-03-21 19:01:41,BUY,Up,0.87,10.0,8.7,"Ethereum Up or Down - March 21, 3:00PM-3:05PM ET"
1774119703,2026-03-21 19:01:43,BUY,Up,0.8700001985455122,4.230768,3.680769,"Ethereum Up or Down - March 21, 3:00PM-3:05PM ET"
1774119705,2026-03-21 19:01:45,BUY,Down,0.15,2.5,0.375,"Solana Up or Down - March 21, 3:00PM-3:05PM ET"
1774119707,2026-03-21 19:01:47,BUY,Up,0.9,26.0,23.400000000000002,"Ethereum Up or Down - March 21, 3:00PM-3:05PM ET"
1774119707,2026-03-21 19:01:47,BUY,Up,0.9,3.0,2.7,"Ethereum Up or Down - March 21, 3:00PM-3:05PM ET"
1774119707,2026-03-21 19:01:47,BUY,Up,0.9,5.0,4.5,"Ethereum Up or Down - March 21, 3:00PM-3:05PM ET"
1774119711,2026-03-21 19:01:51,BUY,Down,0.14,6.0,0.8400000000000001,"Solana Up or Down - March 21, 3:00PM-3:05PM ET"
1774119711,2026-03-21 19:01:51,BUY,Down,0.14,3.4,0.47600000000000003,"Solana Up or Down - March 21, 3:00PM-3:05PM ET"
1774119721,2026-03-21 19:02:01,BUY,Up,0.86,26.0,22.36,"Ethereum Up or Down - March 21, 3:00PM-3:05PM ET"
1774119729,2026-03-21 19:02:09,BUY,Down,0.12000006301490065,1.269541,0.152345,"Solana Up or Down - March 21, 3:00PM-3:05PM ET"
1774119729,2026-03-21 19:02:09,BUY,Down,0.15,11.93,1.7894999999999999,"Ethereum Up or Down - March 21, 3:00PM-3:05PM ET"
1774119729,2026-03-21 19:02:09,BUY,Down,0.1500000173116227,5.776466,0.8664700000000001,"Ethereum Up or Down - March 21, 3:00PM-3:05PM ET"
1774119731,2026-03-21 19:02:11,BUY,Down,0.15,0.07,0.0105,"Ethereum Up or Down - March 21, 3:00PM-3:05PM ET"
1774119731,2026-03-21 19:02:11,BUY,Down,0.15,8.22,1.233,"Ethereum Up or Down - March 21, 3:00PM-3:05PM ET"
1774119737,2026-03-21 19:02:17,BUY,Down,0.13,26.0,3.38,"Ethereum Up or Down - March 21, 3:00PM-3:05PM ET"
1774119737,2026-03-21 19:02:17,BUY,Down,0.14,11.88,1.6632000000000002,"Ethereum Up or Down - March 21, 3:00PM-3:05PM ET"
1774119737,2026-03-21 19:02:17,BUY,Down,0.14,14.12,1.9768000000000001,"Ethereum Up or Down - March 21, 3:00PM-3:05PM ET"
1774119743,2026-03-21 19:02:23,BUY,Down,0.09,12.0923,1.088307,"Solana Up or Down - March 21, 3:00PM-3:05PM ET"
1774119753,2026-03-21 19:02:33,BUY,Down,0.07,6.26,0.43820000000000003,"Ethereum Up or Down - March 21, 3:00PM-3:05PM ET"
1774119753,2026-03-21 19:02:33,BUY,Down,0.07,12.0,0.8400000000000001,"Ethereum Up or Down - March 21, 3:00PM-3:05PM ET"
1774119753,2026-03-21 19:02:33,BUY,Down,0.07,7.74,0.5418000000000001,"Ethereum Up or Down - March 21, 3:00PM-3:05PM ET"
1774119813,2026-03-21 19:03:33,BUY,Up,0.9400000931034643,9.666665,9.086666,"Solana Up or Down - March 21, 3:00PM-3:05PM ET"
1774119813,2026-03-21 19:03:33,BUY,Up,0.93,14.0,13.020000000000001,"Solana Up or Down - March 21, 3:00PM-3:05PM ET"
1774119813,2026-03-21 19:03:33,BUY,Up,0.94,4.33,4.0702,"Solana Up or Down - March 21, 3:00PM-3:05PM ET"
1774119817,2026-03-21 19:03:37,BUY,Down,0.07000000857032422,5.834085,0.40838599999999997,"Ethereum Up or Down - March 21, 3:00PM-3:05PM ET"
1774119817,2026-03-21 19:03:37,BUY,Up,0.95,14.0,13.299999999999999,"Solana Up or Down - March 21, 3:00PM-3:05PM ET"
1774119819,2026-03-21 19:03:39,BUY,Up,0.89,15.0,13.35,"Ethereum Up or Down - March 21, 3:00PM-3:05PM ET"
1774119819,2026-03-21 19:03:39,BUY,Up,0.89,11.0,9.790000000000001,"Ethereum Up or Down - March 21, 3:00PM-3:05PM ET"
1774119821,2026-03-21 19:03:41,BUY,Up,0.93,14.0,13.020000000000001,"Solana Up or Down - March 21, 3:00PM-3:05PM ET"
1774119821,2026-03-21 19:03:41,BUY,Up,0.94,14.0,13.16,"Solana Up or Down - March 21, 3:00PM-3:05PM ET"
1774119825,2026-03-21 19:03:45,BUY,Up,0.92,14.0,12.88,"Solana Up or Down - March 21, 3:00PM-3:05PM ET"
1774119849,2026-03-21 19:04:09,BUY,Down,0.08,0.68,0.054400000000000004,"Ethereum Up or Down - March 21, 3:00PM-3:05PM ET"
1774119849,2026-03-21 19:04:09,BUY,Down,0.08,9.989125,0.79913,"Ethereum Up or Down - March 21, 3:00PM-3:05PM ET"
1774119849,2026-03-21 19:04:09,BUY,Down,0.08,12.65,1.012,"Ethereum Up or Down - March 21, 3:00PM-3:05PM ET"
1774119851,2026-03-21 19:04:11,BUY,Down,0.07,20.16,1.4112000000000002,"Ethereum Up or Down - March 21, 3:00PM-3:05PM ET"
1774119873,2026-03-21 19:04:33,BUY,Down,0.05,25.88262,1.2941310000000001,"Ethereum Up or Down - March 21, 3:00PM-3:05PM ET"
1774119881,2026-03-21 19:04:41,BUY,Up,0.92,21.0,19.32,"Ethereum Up or Down - March 21, 3:00PM-3:05PM ET"
1774119881,2026-03-21 19:04:41,BUY,Up,0.92,5.0,4.6000000000000005,"Ethereum Up or Down - March 21, 3:00PM-3:05PM ET"
1774119885,2026-03-21 19:04:45,BUY,Down,0.05,10.62,0.531,"Ethereum Up or Down - March 21, 3:00PM-3:05PM ET"
1774119907,2026-03-21 19:05:07,,,0.0,135.007943,0.0,"Ethereum Up or Down - March 21, 2:55PM-3:00PM ET"
1774119907,2026-03-21 19:05:07,,,0.0,200.572023,0.0,"Solana Up or Down - March 21, 2:55PM-3:00PM ET"
1774119907,2026-03-21 19:05:07,BUY,Up,0.5700000589516524,2.883719,1.6437200000000003,"Solana Up or Down - March 21, 3:05PM-3:10PM ET"
1774119907,2026-03-21 19:05:07,BUY,Up,0.5400001706452356,2.695651,1.455652,"Ethereum Up or Down - March 21, 3:05PM-3:10PM ET"
1774119909,2026-03-21 19:05:09,BUY,Down,0.42000003491639754,5.155171,2.165172,"Solana Up or Down - March 21, 3:05PM-3:10PM ET"
1774119909,2026-03-21 19:05:09,BUY,Up,0.5100000546538611,5.306121,2.706122,"Solana Up or Down - March 21, 3:05PM-3:10PM ET"
1774119909,2026-03-21 19:05:09,BUY,Up,0.57,14.0,7.9799999999999995,"Solana Up or Down - March 21, 3:05PM-3:10PM ET"
1774119909,2026-03-21 19:05:09,BUY,Up,0.56,5.0,2.8000000000000003,"Ethereum Up or Down - March 21, 3:05PM-3:10PM ET"
1774119911,2026-03-21 19:05:11,BUY,Down,0.45,8.0,3.6,"Solana Up or Down - March 21, 3:05PM-3:10PM ET"
1774119911,2026-03-21 19:05:11,BUY,Down,0.46,14.0,6.44,"Solana Up or Down - March 21, 3:05PM-3:10PM ET"
1774119911,2026-03-21 19:05:11,BUY,Down,0.47,14.0,6.58,"Solana Up or Down - March 21, 3:05PM-3:10PM ET"
1774119911,2026-03-21 19:05:11,BUY,Down,0.45,6.0,2.7,"Solana Up or Down - March 21, 3:05PM-3:10PM ET"
1774119911,2026-03-21 19:05:11,BUY,Up,0.5600000162962983,14.727271,8.247272,"Ethereum Up or Down - March 21, 3:05PM-3:10PM ET"
1774119913,2026-03-21 19:05:13,BUY,Up,0.48,14.0,6.72,"Solana Up or Down - March 21, 3:05PM-3:10PM ET"
1774119913,2026-03-21 19:05:13,BUY,Up,0.48,14.0,6.72,"Solana Up or Down - March 21, 3:05PM-3:10PM ET"
1774119913,2026-03-21 19:05:13,BUY,Up,0.5200000833655217,4.318332,2.245533,"Solana Up or Down - March 21, 3:05PM-3:10PM ET"
1774119919,2026-03-21 19:05:19,BUY,Up,0.45,1.1,0.49500000000000005,"Solana Up or Down - March 21, 3:05PM-3:10PM ET"
1774119919,2026-03-21 19:05:19,BUY,Down,0.5300000169200062,5.319147,2.819148,"Solana Up or Down - March 21, 3:05PM-3:10PM ET"
1774119919,2026-03-21 19:05:19,BUY,Up,0.4500000970589206,1.545453,0.695454,"Solana Up or Down - March 21, 3:05PM-3:10PM ET"
1774119919,2026-03-21 19:05:19,BUY,Up,0.45,4.92,2.214,"Solana Up or Down - March 21, 3:05PM-3:10PM ET"
1774119921,2026-03-21 19:05:21,BUY,Up,0.48000003311801104,8.454614,4.058215,"Ethereum Up or Down - March 21, 3:05PM-3:10PM ET"
1774119921,2026-03-21 19:05:21,BUY,Up,0.49,4.58,2.2442,"Ethereum Up or Down - March 21, 3:05PM-3:10PM ET"
1774119921,2026-03-21 19:05:21,BUY,Up,0.49,6.41,3.1409,"Ethereum Up or Down - March 21, 3:05PM-3:10PM ET"
1774119921,2026-03-21 19:05:21,BUY,Up,0.49000004952756726,7.470587,3.660588,"Ethereum Up or Down - March 21, 3:05PM-3:10PM ET"
1774119921,2026-03-21 19:05:21,BUY,Up,0.3,5.4,1.62,"Solana Up or Down - March 21, 3:05PM-3:10PM ET"
1774119921,2026-03-21 19:05:21,BUY,Down,0.4500004872653208,0.820908,0.369409,"Ethereum Up or Down - March 21, 3:05PM-3:10PM ET"
1774119923,2026-03-21 19:05:23,BUY,Up,0.51,2.19,1.1169,"Ethereum Up or Down - March 21, 3:05PM-3:10PM ET"
1774119923,2026-03-21 19:05:23,BUY,Down,0.47,26.0,12.219999999999999,"Ethereum Up or Down - March 21, 3:05PM-3:10PM ET"
1774119923,2026-03-21 19:05:23,BUY,Up,0.3,2.0,0.6,"Solana Up or Down - March 21, 3:05PM-3:10PM ET"
1774119923,2026-03-21 19:05:23,BUY,Down,0.47,26.0,12.219999999999999,"Ethereum Up or Down - March 21, 3:05PM-3:10PM ET"
1774119923,2026-03-21 19:05:23,BUY,Up,0.48,17.54,8.4192,"Ethereum Up or Down - March 21, 3:05PM-3:10PM ET"
1774119923,2026-03-21 19:05:23,BUY,Up,0.4900000132812531,7.52941,3.689411,"Ethereum Up or Down - March 21, 3:05PM-3:10PM ET"
1774119923,2026-03-21 19:05:23,BUY,Up,0.3,10.0,3.0,"Solana Up or Down - March 21, 3:05PM-3:10PM ET"
1774119923,2026-03-21 19:05:23,BUY,Up,0.35,14.0,4.8999999999999995,"Solana Up or Down - March 21, 3:05PM-3:10PM ET"
1774119923,2026-03-21 19:05:23,BUY,Up,0.36,14.0,5.04,"Solana Up or Down - March 21, 3:05PM-3:10PM ET"
1774119927,2026-03-21 19:05:27,BUY,Up,0.5,0.83,0.415,"Ethereum Up or Down - March 21, 3:05PM-3:10PM ET"
1774119929,2026-03-21 19:05:29,BUY,Up,0.5,5.1,2.55,"Ethereum Up or Down - March 21, 3:05PM-3:10PM ET"
1774119943,2026-03-21 19:05:43,BUY,Up,0.37000005287771875,6.619045,2.4490469999999998,"Ethereum Up or Down - March 21, 3:05PM-3:10PM ET"
1774119945,2026-03-21 19:05:45,BUY,Up,0.37000006696304916,3.285394,1.215596,"Ethereum Up or Down - March 21, 3:05PM-3:10PM ET"
1774119949,2026-03-21 19:05:49,BUY,Down,0.72,14.0,10.08,"Solana Up or Down - March 21, 3:05PM-3:10PM ET"
1774119955,2026-03-21 19:05:55,BUY,Down,0.64,26.0,16.64,"Ethereum Up or Down - March 21, 3:05PM-3:10PM ET"
1774119957,2026-03-21 19:05:57,BUY,Down,0.64,26.0,16.64,"Ethereum Up or Down - March 21, 3:05PM-3:10PM ET"
1774119965,2026-03-21 19:06:05,BUY,Up,0.18,1.0778,0.194004,"Solana Up or Down - March 21, 3:05PM-3:10PM ET"
1774119967,2026-03-21 19:06:07,BUY,Up,0.24,10.0,2.4,"Ethereum Up or Down - March 21, 3:05PM-3:10PM ET"
1774119967,2026-03-21 19:06:07,BUY,Up,0.24,10.131575,2.431578,"Ethereum Up or Down - March 21, 3:05PM-3:10PM ET"
1774119979,2026-03-21 19:06:19,BUY,Down,0.7400001828079718,3.391537,2.509738,"Ethereum Up or Down - March 21, 3:05PM-3:10PM ET"
1774119993,2026-03-21 19:06:33,BUY,Down,0.75,15.8,11.850000000000001,"Ethereum Up or Down - March 21, 3:05PM-3:10PM ET"
1774119997,2026-03-21 19:06:37,BUY,Down,0.75,21.44,16.080000000000002,"Ethereum Up or Down - March 21, 3:05PM-3:10PM ET"
1774120025,2026-03-21 19:07:05,BUY,Down,0.83,5.0,4.1499999999999995,"Solana Up or Down - March 21, 3:05PM-3:10PM ET"
1774120031,2026-03-21 19:07:11,BUY,Down,0.83,5.0,4.1499999999999995,"Solana Up or Down - March 21, 3:05PM-3:10PM ET"
1774120031,2026-03-21 19:07:11,BUY,Down,0.73,14.0,10.219999999999999,"Solana Up or Down - March 21, 3:05PM-3:10PM ET"
1774120031,2026-03-21 19:07:11,BUY,Up,0.17,8.0,1.36,"Solana Up or Down - March 21, 3:05PM-3:10PM ET"
1774120031,2026-03-21 19:07:11,BUY,Down,0.74,7.9,5.846,"Solana Up or Down - March 21, 3:05PM-3:10PM ET"
1774120031,2026-03-21 19:07:11,BUY,Down,0.7400001180923751,6.096922,4.511723,"Solana Up or Down - March 21, 3:05PM-3:10PM ET"
1774120033,2026-03-21 19:07:13,BUY,Down,0.71,4.82,3.4222,"Solana Up or Down - March 21, 3:05PM-3:10PM ET"
1774120033,2026-03-21 19:07:13,BUY,Down,0.7100000523308373,9.172412,6.512413,"Solana Up or Down - March 21, 3:05PM-3:10PM ET"
1774120033,2026-03-21 19:07:13,BUY,Down,0.72,5.0,3.5999999999999996,"Solana Up or Down - March 21, 3:05PM-3:10PM ET"
1774120033,2026-03-21 19:07:13,BUY,Down,0.72,9.0,6.4799999999999995,"Solana Up or Down - March 21, 3:05PM-3:10PM ET"
1774120033,2026-03-21 19:07:13,BUY,Down,0.73,14.0,10.219999999999999,"Solana Up or Down - March 21, 3:05PM-3:10PM ET"
1774120033,2026-03-21 19:07:13,BUY,Down,0.7200000432154413,11.107141,7.997142,"Solana Up or Down - March 21, 3:05PM-3:10PM ET"
1774120053,2026-03-21 19:07:33,BUY,Up,0.45,26.0,11.700000000000001,"Ethereum Up or Down - March 21, 3:05PM-3:10PM ET"
1774120055,2026-03-21 19:07:35,BUY,Up,0.24,14.0,3.36,"Solana Up or Down - March 21, 3:05PM-3:10PM ET"
1774120057,2026-03-21 19:07:37,BUY,Up,0.24,0.27,0.0648,"Solana Up or Down - March 21, 3:05PM-3:10PM ET"
1774120057,2026-03-21 19:07:37,BUY,Up,0.45,26.0,11.700000000000001,"Ethereum Up or Down - March 21, 3:05PM-3:10PM ET"
1774120059,2026-03-21 19:07:39,BUY,Up,0.24,1.46,0.3504,"Solana Up or Down - March 21, 3:05PM-3:10PM ET"
1774120069,2026-03-21 19:07:49,BUY,Up,0.44,26.0,11.44,"Ethereum Up or Down - March 21, 3:05PM-3:10PM ET"
1774120073,2026-03-21 19:07:53,BUY,Up,0.2300001008186474,1.587008,0.365012,"Solana Up or Down - March 21, 3:05PM-3:10PM ET"
1774120087,2026-03-21 19:08:07,BUY,Down,0.72,5.0,3.5999999999999996,"Solana Up or Down - March 21, 3:05PM-3:10PM ET"
1774120087,2026-03-21 19:08:07,BUY,Down,0.7200003354635267,1.78857,1.287771,"Solana Up or Down - March 21, 3:05PM-3:10PM ET"
1774120087,2026-03-21 19:08:07,BUY,Down,0.72,7.21,5.191199999999999,"Solana Up or Down - March 21, 3:05PM-3:10PM ET"
1774120093,2026-03-21 19:08:13,BUY,Down,0.42,21.0,8.82,"Ethereum Up or Down - March 21, 3:05PM-3:10PM ET"
1774120093,2026-03-21 19:08:13,BUY,Down,0.42,5.0,2.1,"Ethereum Up or Down - March 21, 3:05PM-3:10PM ET"
1774120093,2026-03-21 19:08:13,BUY,Down,0.53,11.35,6.0155,"Solana Up or Down - March 21, 3:05PM-3:10PM ET"
1774120093,2026-03-21 19:08:13,BUY,Down,0.5300000377996091,2.64553,1.402131,"Solana Up or Down - March 21, 3:05PM-3:10PM ET"
1774120093,2026-03-21 19:08:13,BUY,Down,0.42,26.0,10.92,"Ethereum Up or Down - March 21, 3:05PM-3:10PM ET"
1774120095,2026-03-21 19:08:15,BUY,Down,0.48,5.29,2.5392,"Solana Up or Down - March 21, 3:05PM-3:10PM ET"
1774120095,2026-03-21 19:08:15,BUY,Down,0.42,26.0,10.92,"Ethereum Up or Down - March 21, 3:05PM-3:10PM ET"
1774120097,2026-03-21 19:08:17,BUY,Down,0.43,1.67,0.7181,"Ethereum Up or Down - March 21, 3:05PM-3:10PM ET"
1774120097,2026-03-21 19:08:17,BUY,Down,0.43,11.53,4.9578999999999995,"Ethereum Up or Down - March 21, 3:05PM-3:10PM ET"
1774120097,2026-03-21 19:08:17,BUY,Down,0.43,12.8,5.5040000000000004,"Ethereum Up or Down - March 21, 3:05PM-3:10PM ET"
1774120103,2026-03-21 19:08:23,BUY,Down,0.44,5.0,2.2,"Ethereum Up or Down - March 21, 3:05PM-3:10PM ET"
1774120103,2026-03-21 19:08:23,BUY,Down,0.44,12.8,5.632000000000001,"Ethereum Up or Down - March 21, 3:05PM-3:10PM ET"
1774120107,2026-03-21 19:08:27,BUY,Up,0.43,14.0,6.02,"Ethereum Up or Down - March 21, 3:05PM-3:10PM ET"
1774120109,2026-03-21 19:08:29,BUY,Up,0.43,4.52,1.9435999999999998,"Ethereum Up or Down - March 21, 3:05PM-3:10PM ET"
1774120109,2026-03-21 19:08:29,BUY,Up,0.33,8.0,2.64,"Solana Up or Down - March 21, 3:05PM-3:10PM ET"
1774120109,2026-03-21 19:08:29,BUY,Up,0.33,4.21,1.3893,"Solana Up or Down - March 21, 3:05PM-3:10PM ET"
1774120109,2026-03-21 19:08:29,BUY,Up,0.43,26.0,11.18,"Ethereum Up or Down - March 21, 3:05PM-3:10PM ET"
1774120109,2026-03-21 19:08:29,BUY,Up,0.33000000121376855,8.238803,2.718805,"Solana Up or Down - March 21, 3:05PM-3:10PM ET"
1774120109,2026-03-21 19:08:29,BUY,Up,0.43,12.0,5.16,"Ethereum Up or Down - March 21, 3:05PM-3:10PM ET"
1774120111,2026-03-21 19:08:31,BUY,Up,0.4300000413709981,2.175437,0.9354380000000001,"Ethereum Up or Down - March 21, 3:05PM-3:10PM ET"
1774120111,2026-03-21 19:08:31,BUY,Up,0.34,26.0,8.84,"Ethereum Up or Down - March 21, 3:05PM-3:10PM ET"
1774120113,2026-03-21 19:08:33,BUY,Up,0.25,1.1,0.275,"Solana Up or Down - March 21, 3:05PM-3:10PM ET"
1774120115,2026-03-21 19:08:35,BUY,Up,0.26,1.35135,0.351351,"Solana Up or Down - March 21, 3:05PM-3:10PM ET"
1774120115,2026-03-21 19:08:35,BUY,Up,0.2600000325600181,6.756753,1.7567559999999998,"Solana Up or Down - March 21, 3:05PM-3:10PM ET"
1774120115,2026-03-21 19:08:35,BUY,Up,0.26,1.35135,0.351351,"Solana Up or Down - March 21, 3:05PM-3:10PM ET"
1774120115,2026-03-21 19:08:35,BUY,Up,0.26,2.47,0.6422000000000001,"Solana Up or Down - March 21, 3:05PM-3:10PM ET"
1774120115,2026-03-21 19:08:35,BUY,Up,0.26000010257454786,1.364861,0.354864,"Solana Up or Down - March 21, 3:05PM-3:10PM ET"
1774120117,2026-03-21 19:08:37,BUY,Up,0.21000003901236303,5.12658,1.076582,"Solana Up or Down - March 21, 3:05PM-3:10PM ET"
1774120117,2026-03-21 19:08:37,BUY,Up,0.25,14.0,3.5,"Solana Up or Down - March 21, 3:05PM-3:10PM ET"
1774120117,2026-03-21 19:08:37,BUY,Up,0.21,1.65,0.3465,"Solana Up or Down - March 21, 3:05PM-3:10PM ET"
1774120117,2026-03-21 19:08:37,BUY,Up,0.24,14.0,3.36,"Solana Up or Down - March 21, 3:05PM-3:10PM ET"
1774120119,2026-03-21 19:08:39,BUY,Up,0.22,5.0641,1.114102,"Solana Up or Down - March 21, 3:05PM-3:10PM ET"
1774120119,2026-03-21 19:08:39,BUY,Up,0.22000002632911858,6.076922,1.3369229999999999,"Solana Up or Down - March 21, 3:05PM-3:10PM ET"
1774120119,2026-03-21 19:08:39,BUY,Up,0.23,14.0,3.22,"Solana Up or Down - March 21, 3:05PM-3:10PM ET"
1774120119,2026-03-21 19:08:39,BUY,Down,0.67,2.2,1.4740000000000002,"Ethereum Up or Down - March 21, 3:05PM-3:10PM ET"
1774120121,2026-03-21 19:08:41,BUY,Down,0.67,23.8,15.946000000000002,"Ethereum Up or Down - March 21, 3:05PM-3:10PM ET"
1774120133,2026-03-21 19:08:53,BUY,Down,0.77,0.64,0.4928,"Solana Up or Down - March 21, 3:05PM-3:10PM ET"
1774120133,2026-03-21 19:08:53,BUY,Down,0.78,14.0,10.92,"Solana Up or Down - March 21, 3:05PM-3:10PM ET"
1774120135,2026-03-21 19:08:55,BUY,Down,0.7700001725000432,4.347825,3.3478260000000004,"Solana Up or Down - March 21, 3:05PM-3:10PM ET"
1774120143,2026-03-21 19:09:03,BUY,Down,0.72,26.0,18.72,"Ethereum Up or Down - March 21, 3:05PM-3:10PM ET"
1774120143,2026-03-21 19:09:03,BUY,Up,0.270000009229886,11.917807,3.217808,"Ethereum Up or Down - March 21, 3:05PM-3:10PM ET"
1774120143,2026-03-21 19:09:03,BUY,Up,0.18,14.0,2.52,"Solana Up or Down - March 21, 3:05PM-3:10PM ET"
1774120145,2026-03-21 19:09:05,BUY,Up,0.24,15.58,3.7392,"Ethereum Up or Down - March 21, 3:05PM-3:10PM ET"
1774120147,2026-03-21 19:09:07,BUY,Up,0.14,10.0,1.4000000000000001,"Ethereum Up or Down - March 21, 3:05PM-3:10PM ET"
1774120147,2026-03-21 19:09:07,BUY,Up,0.15,9.11176,1.366764,"Ethereum Up or Down - March 21, 3:05PM-3:10PM ET"
1774120147,2026-03-21 19:09:07,BUY,Up,0.14,2.78,0.3892,"Ethereum Up or Down - March 21, 3:05PM-3:10PM ET"
1774120147,2026-03-21 19:09:07,BUY,Up,0.08,14.0,1.12,"Solana Up or Down - March 21, 3:05PM-3:10PM ET"
1774120147,2026-03-21 19:09:07,BUY,Up,0.14000001829011227,5.467435,0.765441,"Ethereum Up or Down - March 21, 3:05PM-3:10PM ET"
1774120147,2026-03-21 19:09:07,BUY,Up,0.15,16.88,2.5319999999999996,"Ethereum Up or Down - March 21, 3:05PM-3:10PM ET"
1774120151,2026-03-21 19:09:11,BUY,Down,0.9,10.0,9.0,"Solana Up or Down - March 21, 3:05PM-3:10PM ET"
1774120153,2026-03-21 19:09:13,BUY,Down,0.77,26.0,20.02,"Ethereum Up or Down - March 21, 3:05PM-3:10PM ET"
1774120153,2026-03-21 19:09:13,BUY,Down,0.77,18.0,13.86,"Ethereum Up or Down - March 21, 3:05PM-3:10PM ET"
1774120153,2026-03-21 19:09:13,BUY,Down,0.77,8.0,6.16,"Ethereum Up or Down - March 21, 3:05PM-3:10PM ET"
1774120155,2026-03-21 19:09:15,BUY,Up,0.09,1.12,0.1008,"Solana Up or Down - March 21, 3:05PM-3:10PM ET"
1774120157,2026-03-21 19:09:17,BUY,Down,0.73,10.0,7.3,"Ethereum Up or Down - March 21, 3:05PM-3:10PM ET"
1774120157,2026-03-21 19:09:17,BUY,Down,0.69,26.0,17.939999999999998,"Ethereum Up or Down - March 21, 3:05PM-3:10PM ET"
1774120157,2026-03-21 19:09:17,BUY,Up,0.24,26.0,6.24,"Ethereum Up or Down - March 21, 3:05PM-3:10PM ET"
1774120157,2026-03-21 19:09:17,BUY,Up,0.25,19.0,4.75,"Ethereum Up or Down - March 21, 3:05PM-3:10PM ET"
1774120157,2026-03-21 19:09:17,BUY,Down,0.7300000685714384,9.333332,6.813333000000001,"Ethereum Up or Down - March 21, 3:05PM-3:10PM ET"
1774120157,2026-03-21 19:09:17,BUY,Up,0.23,12.0,2.7600000000000002,"Ethereum Up or Down - March 21, 3:05PM-3:10PM ET"
1774120157,2026-03-21 19:09:17,BUY,Up,0.25,7.0,1.75,"Ethereum Up or Down - March 21, 3:05PM-3:10PM ET"
1774120159,2026-03-21 19:09:19,BUY,Up,0.26000012523103705,1.756753,0.45675600000000005,"Ethereum Up or Down - March 21, 3:05PM-3:10PM ET"
1774120159,2026-03-21 19:09:19,BUY,Up,0.08,14.0,1.12,"Solana Up or Down - March 21, 3:05PM-3:10PM ET"
1774120159,2026-03-21 19:09:19,BUY,Down,0.7300000200619211,23.925924,17.465925,"Ethereum Up or Down - March 21, 3:05PM-3:10PM ET"
1774120159,2026-03-21 19:09:19,BUY,Down,0.73,2.07,1.5110999999999999,"Ethereum Up or Down - March 21, 3:05PM-3:10PM ET"
1774120163,2026-03-21 19:09:23,BUY,Down,0.8500000798137785,10.023332,8.519833,"Ethereum Up or Down - March 21, 3:05PM-3:10PM ET"
1774120163,2026-03-21 19:09:23,BUY,Down,0.86,21.71,18.6706,"Ethereum Up or Down - March 21, 3:05PM-3:10PM ET"
1774120173,2026-03-21 19:09:33,BUY,Up,0.09,26.0,2.34,"Ethereum Up or Down - March 21, 3:05PM-3:10PM ET"
1774120177,2026-03-21 19:09:37,BUY,Up,0.12000000763557973,10.477266,1.257272,"Ethereum Up or Down - March 21, 3:05PM-3:10PM ET"
1774120181,2026-03-21 19:09:41,BUY,Up,0.11,9.77,1.0747,"Ethereum Up or Down - March 21, 3:05PM-3:10PM ET"
1774120183,2026-03-21 19:09:43,BUY,Up,0.11,0.25,0.0275,"Ethereum Up or Down - March 21, 3:05PM-3:10PM ET"
1774120183,2026-03-21 19:09:43,BUY,Up,0.1100000048264668,10.359545,1.13955,"Ethereum Up or Down - March 21, 3:05PM-3:10PM ET"
1774120183,2026-03-21 19:09:43,BUY,Up,0.11000001424001402,5.617972,0.617977,"Ethereum Up or Down - March 21, 3:05PM-3:10PM ET"
1774120183,2026-03-21 19:09:43,BUY,Down,0.98,1.06,1.0388,"Solana Up or Down - March 21, 3:05PM-3:10PM ET"
1774120183,2026-03-21 19:09:43,BUY,Down,0.98,5.2,5.096,"Solana Up or Down - March 21, 3:05PM-3:10PM ET"
1774120185,2026-03-21 19:09:45,BUY,Down,0.98,1.27,1.2446,"Solana Up or Down - March 21, 3:05PM-3:10PM ET"
1774120185,2026-03-21 19:09:45,BUY,Up,0.1,26.0,2.6,"Ethereum Up or Down - March 21, 3:05PM-3:10PM ET"
1774120189,2026-03-21 19:09:49,BUY,Down,0.98,1.35,1.323,"Solana Up or Down - March 21, 3:05PM-3:10PM ET"
1774120189,2026-03-21 19:09:49,BUY,Down,0.98,1.77,1.7346,"Solana Up or Down - March 21, 3:05PM-3:10PM ET"
1774120195,2026-03-21 19:09:55,BUY,Up,0.05,26.0,1.3,"Ethereum Up or Down - March 21, 3:05PM-3:10PM ET"
1774120197,2026-03-21 19:09:57,BUY,Up,0.04,2.32,0.0928,"Ethereum Up or Down - March 21, 3:05PM-3:10PM ET"
1774120209,2026-03-21 19:10:09,,,0.0,352.078225,0.0,"Ethereum Up or Down - March 21, 3:00PM-3:05PM ET"
1774120209,2026-03-21 19:10:09,,,0.0,178.011472,0.0,"Solana Up or Down - March 21, 3:00PM-3:05PM ET"
1774120209,2026-03-21 19:10:09,BUY,Down,0.5500000810446329,2.467776,1.3572770000000003,"Solana Up or Down - March 21, 3:10PM-3:15PM ET"
1774120209,2026-03-21 19:10:09,BUY,Down,0.5,6.6,3.3,"Ethereum Up or Down - March 21, 3:10PM-3:15PM ET"
1774120211,2026-03-21 19:10:11,BUY,Up,0.4900001683001128,1.960783,0.960784,"Ethereum Up or Down - March 21, 3:10PM-3:15PM ET"
1774120213,2026-03-21 19:10:13,BUY,Up,0.49000000340000055,11.764704,5.764705,"Ethereum Up or Down - March 21, 3:10PM-3:15PM ET"
1774120215,2026-03-21 19:10:15,BUY,Up,0.45,3.22,1.449,"Solana Up or Down - March 21, 3:10PM-3:15PM ET"
1774120219,2026-03-21 19:10:19,BUY,Up,0.45,10.78,4.851,"Solana Up or Down - March 21, 3:10PM-3:15PM ET"
1774120223,2026-03-21 19:10:23,BUY,Up,0.45,2.41,1.0845,"Solana Up or Down - March 21, 3:10PM-3:15PM ET"
1774120233,2026-03-21 19:10:33,BUY,Up,0.53,5.0,2.6500000000000004,"Ethereum Up or Down - March 21, 3:10PM-3:15PM ET"
1774120233,2026-03-21 19:10:33,BUY,Up,0.5100000502564194,7.163264,3.6532649999999998,"Ethereum Up or Down - March 21, 3:10PM-3:15PM ET"
1774120235,2026-03-21 19:10:35,BUY,Up,0.44,4.57,2.0108,"Solana Up or Down - March 21, 3:10PM-3:15PM ET"
1774120237,2026-03-21 19:10:37,BUY,Up,0.44,9.43,4.1491999999999996,"Solana Up or Down - March 21, 3:10PM-3:15PM ET"
1774120241,2026-03-21 19:10:41,BUY,Down,0.52,14.0,7.28,"Solana Up or Down - March 21, 3:10PM-3:15PM ET"
1774120243,2026-03-21 19:10:43,BUY,Down,0.44,24.65,10.846,"Ethereum Up or Down - March 21, 3:10PM-3:15PM ET"
1774120245,2026-03-21 19:10:45,BUY,Down,0.47,14.0,6.58,"Solana Up or Down - March 21, 3:10PM-3:15PM ET"
1774120247,2026-03-21 19:10:47,BUY,Down,0.45,7.0,3.15,"Solana Up or Down - March 21, 3:10PM-3:15PM ET"
1774120247,2026-03-21 19:10:47,BUY,Down,0.47,12.0,5.64,"Solana Up or Down - March 21, 3:10PM-3:15PM ET"
1774120253,2026-03-21 19:10:53,BUY,Down,0.47,1.0,0.47,"Solana Up or Down - March 21, 3:10PM-3:15PM ET"
1774120263,2026-03-21 19:11:03,BUY,Down,0.43,2.0,0.86,"Ethereum Up or Down - March 21, 3:10PM-3:15PM ET"
1774120263,2026-03-21 19:11:03,BUY,Down,0.43,5.09,2.1887,"Ethereum Up or Down - March 21, 3:10PM-3:15PM ET"
1774120265,2026-03-21 19:11:05,BUY,Down,0.46000001500000376,6.666665,3.066666,"Solana Up or Down - March 21, 3:10PM-3:15PM ET"
1774120265,2026-03-21 19:11:05,BUY,Down,0.4600000694285873,5.185184,2.385185,"Solana Up or Down - March 21, 3:10PM-3:15PM ET"
1774120267,2026-03-21 19:11:07,BUY,Down,0.45,0.31818,0.143181,"Solana Up or Down - March 21, 3:10PM-3:15PM ET"
1774120277,2026-03-21 19:11:17,BUY,Down,0.4300000023233699,12.912279,5.55228,"Solana Up or Down - March 21, 3:10PM-3:15PM ET"
1774120287,2026-03-21 19:11:27,BUY,Down,0.37,0.97,0.3589,"Solana Up or Down - March 21, 3:10PM-3:15PM ET"
1774120287,2026-03-21 19:11:27,BUY,Down,0.3700000507500241,5.714283,2.114285,"Solana Up or Down - March 21, 3:10PM-3:15PM ET"
1774120289,2026-03-21 19:11:29,BUY,Down,0.3700000523384733,5.158729,1.90873,"Solana Up or Down - March 21, 3:10PM-3:15PM ET"
1774120289,2026-03-21 19:11:29,BUY,Up,0.5800001267606526,2.366665,1.3726659999999997,"Solana Up or Down - March 21, 3:10PM-3:15PM ET"
1774120291,2026-03-21 19:11:31,BUY,Down,0.4,5.0,2.0,"Ethereum Up or Down - March 21, 3:10PM-3:15PM ET"
1774120291,2026-03-21 19:11:31,BUY,Down,0.4,13.57,5.428000000000001,"Ethereum Up or Down - March 21, 3:10PM-3:15PM ET"
1774120291,2026-03-21 19:11:31,BUY,Down,0.4,2.74,1.096,"Ethereum Up or Down - March 21, 3:10PM-3:15PM ET"
1774120299,2026-03-21 19:11:39,BUY,Down,0.4000000198347134,10.083332,4.033333000000001,"Ethereum Up or Down - March 21, 3:10PM-3:15PM ET"
1774120311,2026-03-21 19:11:51,BUY,Up,0.5100001576690212,2.283264,1.1644649999999999,"Ethereum Up or Down - March 21, 3:10PM-3:15PM ET"
1774120311,2026-03-21 19:11:51,BUY,Up,0.52,26.0,13.52,"Ethereum Up or Down - March 21, 3:10PM-3:15PM ET"
1774120313,2026-03-21 19:11:53,BUY,Up,0.5100000142814081,20.306121,10.356122000000001,"Ethereum Up or Down - March 21, 3:10PM-3:15PM ET"
1774120313,2026-03-21 19:11:53,BUY,Up,0.5200000579865897,6.208332,3.2283330000000006,"Ethereum Up or Down - March 21, 3:10PM-3:15PM ET"
1774120313,2026-03-21 19:11:53,BUY,Up,0.51,3.4,1.734,"Ethereum Up or Down - March 21, 3:10PM-3:15PM ET"
1774120313,2026-03-21 19:11:53,BUY,Up,0.5200000486760651,7.395832,3.845833,"Ethereum Up or Down - March 21, 3:10PM-3:15PM ET"
1774120313,2026-03-21 19:11:53,BUY,Up,0.5800000916363853,5.238094,3.038095,"Solana Up or Down - March 21, 3:10PM-3:15PM ET"
1774120313,2026-03-21 19:11:53,BUY,Up,0.5800000916363853,5.238094,3.038095,"Solana Up or Down - March 21, 3:10PM-3:15PM ET"
1774120315,2026-03-21 19:11:55,BUY,Up,0.6300001129473934,5.135134,3.235135,"Solana Up or Down - March 21, 3:10PM-3:15PM ET"
1774120317,2026-03-21 19:11:57,BUY,Up,0.51,26.0,13.26,"Ethereum Up or Down - March 21, 3:10PM-3:15PM ET"
1774120317,2026-03-21 19:11:57,BUY,Up,0.6300001129473934,5.135134,3.235135,"Solana Up or Down - March 21, 3:10PM-3:15PM ET"
1774120333,2026-03-21 19:12:13,BUY,Down,0.64,10.03,6.4192,"Ethereum Up or Down - March 21, 3:10PM-3:15PM ET"
1774120333,2026-03-21 19:12:13,BUY,Down,0.61,26.0,15.86,"Ethereum Up or Down - March 21, 3:10PM-3:15PM ET"
1774120335,2026-03-21 19:12:15,BUY,Down,0.64,15.51,9.9264,"Ethereum Up or Down - March 21, 3:10PM-3:15PM ET"
1774120335,2026-03-21 19:12:15,BUY,Up,0.35,3.22,1.127,"Ethereum Up or Down - March 21, 3:10PM-3:15PM ET"
1774120337,2026-03-21 19:12:17,BUY,Down,0.37000006300001337,5.079364,1.879365,"Ethereum Up or Down - March 21, 3:10PM-3:15PM ET"
1774120337,2026-03-21 19:12:17,BUY,Down,0.3700000106305523,17.873013,6.613015,"Ethereum Up or Down - March 21, 3:10PM-3:15PM ET"
1774120341,2026-03-21 19:12:21,BUY,Up,0.660000170000085,2.941175,1.941176,"Ethereum Up or Down - March 21, 3:10PM-3:15PM ET"
1774120341,2026-03-21 19:12:21,BUY,Up,0.66,5.0,3.3000000000000003,"Ethereum Up or Down - March 21, 3:10PM-3:15PM ET"
1774120343,2026-03-21 19:12:23,BUY,Up,0.66,8.0,5.28,"Ethereum Up or Down - March 21, 3:10PM-3:15PM ET"
1774120343,2026-03-21 19:12:23,BUY,Up,0.66,1.03,0.6798000000000001,"Ethereum Up or Down - March 21, 3:10PM-3:15PM ET"
1774120343,2026-03-21 19:12:23,BUY,Up,0.66,3.0,1.98,"Ethereum Up or Down - March 21, 3:10PM-3:15PM ET"
1774120343,2026-03-21 19:12:23,BUY,Up,0.6600000738285976,5.147057,3.3970580000000004,"Ethereum Up or Down - March 21, 3:10PM-3:15PM ET"
1774120343,2026-03-21 19:12:23,BUY,Up,0.65,26.0,16.900000000000002,"Ethereum Up or Down - March 21, 3:10PM-3:15PM ET"
1774120345,2026-03-21 19:12:25,BUY,Down,0.37,5.0,1.85,"Ethereum Up or Down - March 21, 3:10PM-3:15PM ET"
1774120345,2026-03-21 19:12:25,BUY,Up,0.6,11.0,6.6,"Solana Up or Down - March 21, 3:10PM-3:15PM ET"
1774120345,2026-03-21 19:12:25,BUY,Up,0.62,26.0,16.12,"Ethereum Up or Down - March 21, 3:10PM-3:15PM ET"
1774120345,2026-03-21 19:12:25,BUY,Up,0.6,14.0,8.4,"Solana Up or Down - March 21, 3:10PM-3:15PM ET"
1774120347,2026-03-21 19:12:27,BUY,Down,0.37000006300001337,5.079364,1.879365,"Ethereum Up or Down - March 21, 3:10PM-3:15PM ET"
1774120347,2026-03-21 19:12:27,BUY,Up,0.6,3.0,1.7999999999999998,"Solana Up or Down - March 21, 3:10PM-3:15PM ET"
1774120355,2026-03-21 19:12:35,BUY,Down,0.37,26.0,9.62,"Ethereum Up or Down - March 21, 3:10PM-3:15PM ET"
1774120357,2026-03-21 19:12:37,BUY,Down,0.3700000763638585,0.523808,0.193809,"Ethereum Up or Down - March 21, 3:10PM-3:15PM ET"
1774120361,2026-03-21 19:12:41,BUY,Down,0.37,1.5873,0.587301,"Solana Up or Down - March 21, 3:10PM-3:15PM ET"
1774120363,2026-03-21 19:12:43,BUY,Down,0.3700000523384733,5.158729,1.90873,"Solana Up or Down - March 21, 3:10PM-3:15PM ET"
1774120365,2026-03-21 19:12:45,BUY,Down,0.33,14.0,4.62,"Solana Up or Down - March 21, 3:10PM-3:15PM ET"
1774120365,2026-03-21 19:12:45,BUY,Down,0.37000000452307735,15.476189,5.72619,"Ethereum Up or Down - March 21, 3:10PM-3:15PM ET"
1774120365,2026-03-21 19:12:45,BUY,Down,0.32,14.0,4.48,"Solana Up or Down - March 21, 3:10PM-3:15PM ET"
1774120369,2026-03-21 19:12:49,BUY,Up,0.6900000536538575,8.387095,5.787096000000001,"Solana Up or Down - March 21, 3:10PM-3:15PM ET"
1774120373,2026-03-21 19:12:53,BUY,Down,0.370000003600001,5.555554,2.055555,"Ethereum Up or Down - March 21, 3:10PM-3:15PM ET"
1774120373,2026-03-21 19:12:53,BUY,Up,0.7100000399551499,10.762067,7.641068000000001,"Solana Up or Down - March 21, 3:10PM-3:15PM ET"
1774120373,2026-03-21 19:12:53,BUY,Up,0.71,3.23,2.2933,"Solana Up or Down - March 21, 3:10PM-3:15PM ET"
1774120373,2026-03-21 19:12:53,BUY,Down,0.3700000819000303,3.174602,1.174603,"Ethereum Up or Down - March 21, 3:10PM-3:15PM ET"
1774120375,2026-03-21 19:12:55,BUY,Down,0.37,3.8,1.406,"Ethereum Up or Down - March 21, 3:10PM-3:15PM ET"
1774120395,2026-03-21 19:13:15,BUY,Up,0.69,5.86,4.0434,"Solana Up or Down - March 21, 3:10PM-3:15PM ET"
1774120403,2026-03-21 19:13:23,BUY,Up,0.6600000952000368,4.411763,2.911764,"Solana Up or Down - March 21, 3:10PM-3:15PM ET"
1774120405,2026-03-21 19:13:25,BUY,Down,0.3200001088000914,1.470587,0.470588,"Solana Up or Down - March 21, 3:10PM-3:15PM ET"
1774120407,2026-03-21 19:13:27,BUY,Down,0.32,12.52,4.0064,"Solana Up or Down - March 21, 3:10PM-3:15PM ET"
1774120413,2026-03-21 19:13:33,BUY,Down,0.12000000466003148,8.583633,1.0300360000000002,"Solana Up or Down - March 21, 3:10PM-3:15PM ET"
1774120413,2026-03-21 19:13:33,BUY,Down,0.13,12.34,1.6042,"Solana Up or Down - March 21, 3:10PM-3:15PM ET"
1774120415,2026-03-21 19:13:35,BUY,Up,0.77,26.0,20.02,"Ethereum Up or Down - March 21, 3:10PM-3:15PM ET"
1774120415,2026-03-21 19:13:35,BUY,Up,0.77,26.0,20.02,"Ethereum Up or Down - March 21, 3:10PM-3:15PM ET"
1774120417,2026-03-21 19:13:37,BUY,Down,0.11000000766229312,7.830554,0.861361,"Solana Up or Down - March 21, 3:10PM-3:15PM ET"
1774120445,2026-03-21 19:14:05,BUY,Down,0.25,10.0,2.5,"Ethereum Up or Down - March 21, 3:10PM-3:15PM ET"
1774120445,2026-03-21 19:14:05,BUY,Down,0.25,5.0,1.25,"Ethereum Up or Down - March 21, 3:10PM-3:15PM ET"
1774120453,2026-03-21 19:14:13,BUY,Down,0.23,2.5974,0.597402,"Ethereum Up or Down - March 21, 3:10PM-3:15PM ET"
1774120475,2026-03-21 19:14:35,BUY,Up,0.96,4.0,3.84,"Solana Up or Down - March 21, 3:10PM-3:15PM ET"
1774120477,2026-03-21 19:14:37,BUY,Up,0.96,1.13,1.0847999999999998,"Solana Up or Down - March 21, 3:10PM-3:15PM ET"
1774120477,2026-03-21 19:14:37,BUY,Up,0.96,1.09,1.0464,"Solana Up or Down - March 21, 3:10PM-3:15PM ET"
1774120487,2026-03-21 19:14:47,BUY,Up,0.98,1.51,1.4798,"Solana Up or Down - March 21, 3:10PM-3:15PM ET"
1774120489,2026-03-21 19:14:49,BUY,Down,0.07,5.05,0.35350000000000004,"Ethereum Up or Down - March 21, 3:10PM-3:15PM ET"
1774120495,2026-03-21 19:14:55,BUY,Up,0.99,1.97,1.9503,"Solana Up or Down - March 21, 3:10PM-3:15PM ET"
1774120495,2026-03-21 19:14:55,BUY,Up,0.99,1.1,1.089,"Solana Up or Down - March 21, 3:10PM-3:15PM ET"
1774120495,2026-03-21 19:14:55,BUY,Up,0.99,5.6,5.544,"Solana Up or Down - March 21, 3:10PM-3:15PM ET"
1774120499,2026-03-21 19:14:59,BUY,Up,0.99,1.55,1.5345,"Solana Up or Down - March 21, 3:10PM-3:15PM ET"
1774120499,2026-03-21 19:14:59,BUY,Up,0.99,1.03,1.0197,"Solana Up or Down - March 21, 3:10PM-3:15PM ET"
1774120499,2026-03-21 19:14:59,BUY,Up,0.97,1.72,1.6683999999999999,"Ethereum Up or Down - March 21, 3:10PM-3:15PM ET"
1774120499,2026-03-21 19:14:59,BUY,Up,0.97,11.03,10.6991,"Ethereum Up or Down - March 21, 3:10PM-3:15PM ET"
1774120501,2026-03-21 19:15:01,BUY,Up,0.99,2.75,2.7225,"Solana Up or Down - March 21, 3:10PM-3:15PM ET"
1774120507,2026-03-21 19:15:07,,,0.0,230.492718,0.0,"Solana Up or Down - March 21, 3:05PM-3:10PM ET"
1774120507,2026-03-21 19:15:07,,,0.0,474.315033,0.0,"Ethereum Up or Down - March 21, 3:05PM-3:10PM ET"
1774120507,2026-03-21 19:15:07,BUY,Down,0.58,6.25,3.6249999999999996,"Solana Up or Down - March 21, 3:15PM-3:20PM ET"
1774120511,2026-03-21 19:15:11,BUY,Down,0.540000037171733,4.304346,2.324347,"Solana Up or Down - March 21, 3:15PM-3:20PM ET"
1774120513,2026-03-21 19:15:13,BUY,Up,0.46000007946489785,5.537036,2.547037,"Solana Up or Down - March 21, 3:15PM-3:20PM ET"
1774120515,2026-03-21 19:15:15,BUY,Down,0.49,26.0,12.74,"Ethereum Up or Down - March 21, 3:15PM-3:20PM ET"
1774120521,2026-03-21 19:15:21,BUY,Up,0.46,5.0,2.3000000000000003,"Solana Up or Down - March 21, 3:15PM-3:20PM ET"
1774120527,2026-03-21 19:15:27,BUY,Up,0.4700000028494626,21.056602,9.896603,"Ethereum Up or Down - March 21, 3:15PM-3:20PM ET"
1774120527,2026-03-21 19:15:27,BUY,Up,0.45,7.23,3.2535000000000003,"Solana Up or Down - March 21, 3:15PM-3:20PM ET"
1774120527,2026-03-21 19:15:27,BUY,Up,0.47,4.94,2.3218,"Ethereum Up or Down - March 21, 3:15PM-3:20PM ET"
1774120527,2026-03-21 19:15:27,BUY,Up,0.45000003696237306,6.763635,3.0436360000000002,"Solana Up or Down - March 21, 3:15PM-3:20PM ET"
1774120529,2026-03-21 19:15:29,BUY,Up,0.41,1.83,0.7503,"Ethereum Up or Down - March 21, 3:15PM-3:20PM ET"
1774120529,2026-03-21 19:15:29,BUY,Up,0.4100000457652148,8.084743,3.314745,"Ethereum Up or Down - March 21, 3:15PM-3:20PM ET"
1774120529,2026-03-21 19:15:29,BUY,Up,0.4100000021059774,9.496778,3.8936790000000006,"Ethereum Up or Down - March 21, 3:15PM-3:20PM ET"
1774120529,2026-03-21 19:15:29,BUY,Up,0.41000004561856496,6.57627,2.6962710000000003,"Ethereum Up or Down - March 21, 3:15PM-3:20PM ET"
1774120531,2026-03-21 19:15:31,BUY,Down,0.62,7.0,4.34,"Ethereum Up or Down - March 21, 3:15PM-3:20PM ET"
1774120531,2026-03-21 19:15:31,BUY,Down,0.62,12.0,7.4399999999999995,"Ethereum Up or Down - March 21, 3:15PM-3:20PM ET"
1774120531,2026-03-21 19:15:31,BUY,Up,0.36,15.0,5.3999999999999995,"Ethereum Up or Down - March 21, 3:15PM-3:20PM ET"
1774120531,2026-03-21 19:15:31,BUY,Up,0.36,10.0,3.5999999999999996,"Ethereum Up or Down - March 21, 3:15PM-3:20PM ET"
1774120531,2026-03-21 19:15:31,BUY,Down,0.62,7.0,4.34,"Ethereum Up or Down - March 21, 3:15PM-3:20PM ET"
1774120533,2026-03-21 19:15:33,BUY,Up,0.39,14.0,5.46,"Solana Up or Down - March 21, 3:15PM-3:20PM ET"
1774120537,2026-03-21 19:15:37,BUY,Down,0.7,8.0,5.6,"Ethereum Up or Down - March 21, 3:15PM-3:20PM ET"
1774120537,2026-03-21 19:15:37,BUY,Up,0.37,2.49,0.9213000000000001,"Solana Up or Down - March 21, 3:15PM-3:20PM ET"
1774120537,2026-03-21 19:15:37,BUY,Up,0.37000002259965187,11.504602,4.256703,"Solana Up or Down - March 21, 3:15PM-3:20PM ET"
1774120545,2026-03-21 19:15:45,BUY,Up,0.36,14.0,5.04,"Solana Up or Down - March 21, 3:15PM-3:20PM ET"
1774120555,2026-03-21 19:15:55,BUY,Down,0.75,26.0,19.5,"Ethereum Up or Down - March 21, 3:15PM-3:20PM ET"
1774120583,2026-03-21 19:16:23,BUY,Down,0.8100001216000438,5.263156,4.2631570000000005,"Ethereum Up or Down - March 21, 3:15PM-3:20PM ET"
1774120583,2026-03-21 19:16:23,BUY,Down,0.81,7.0,5.67,"Ethereum Up or Down - March 21, 3:15PM-3:20PM ET"
1774120583,2026-03-21 19:16:23,BUY,Down,0.81,5.63,4.5603,"Ethereum Up or Down - March 21, 3:15PM-3:20PM ET"
1774120585,2026-03-21 19:16:25,BUY,Down,0.81,5.52,4.4712,"Ethereum Up or Down - March 21, 3:15PM-3:20PM ET"
1774120589,2026-03-21 19:16:29,BUY,Down,0.8100000298185411,21.463156,17.385157,"Ethereum Up or Down - March 21, 3:15PM-3:20PM ET"
1774120593,2026-03-21 19:16:33,BUY,Down,0.720000052938407,9.067141,6.528342,"Solana Up or Down - March 21, 3:15PM-3:20PM ET"
1774120595,2026-03-21 19:16:35,BUY,Up,0.16,26.0,4.16,"Ethereum Up or Down - March 21, 3:15PM-3:20PM ET"
1774120601,2026-03-21 19:16:41,BUY,Down,0.73,3.71,2.7083,"Solana Up or Down - March 21, 3:15PM-3:20PM ET"
1774120603,2026-03-21 19:16:43,BUY,Down,0.73,10.29,7.511699999999999,"Solana Up or Down - March 21, 3:15PM-3:20PM ET"
1774120607,2026-03-21 19:16:47,BUY,Up,0.14,1.22,0.1708,"Ethereum Up or Down - March 21, 3:15PM-3:20PM ET"
1774120607,2026-03-21 19:16:47,BUY,Up,0.14,1.22,0.1708,"Ethereum Up or Down - March 21, 3:15PM-3:20PM ET"
1774120607,2026-03-21 19:16:47,BUY,Down,0.73,2.29,1.6717,"Solana Up or Down - March 21, 3:15PM-3:20PM ET"
1774120607,2026-03-21 19:16:47,BUY,Up,0.14,2.17,0.3038,"Ethereum Up or Down - March 21, 3:15PM-3:20PM ET"
1774120607,2026-03-21 19:16:47,BUY,Up,0.14,2.17,0.3038,"Ethereum Up or Down - March 21, 3:15PM-3:20PM ET"
1774120609,2026-03-21 19:16:49,BUY,Up,0.14,12.0,1.6800000000000002,"Ethereum Up or Down - March 21, 3:15PM-3:20PM ET"
1774120609,2026-03-21 19:16:49,BUY,Up,0.14000000682539812,5.860464,0.820465,"Ethereum Up or Down - March 21, 3:15PM-3:20PM ET"
1774120611,2026-03-21 19:16:51,BUY,Up,0.14,1.35,0.18900000000000003,"Ethereum Up or Down - March 21, 3:15PM-3:20PM ET"
1774120617,2026-03-21 19:16:57,BUY,Down,0.73,2.77,2.0221,"Solana Up or Down - March 21, 3:15PM-3:20PM ET"
1774120621,2026-03-21 19:17:01,BUY,Up,0.12,1.05,0.126,"Ethereum Up or Down - March 21, 3:15PM-3:20PM ET"
1774120629,2026-03-21 19:17:09,BUY,Up,0.17,4.38,0.7446,"Solana Up or Down - March 21, 3:15PM-3:20PM ET"
1774120629,2026-03-21 19:17:09,BUY,Up,0.19,14.0,2.66,"Solana Up or Down - March 21, 3:15PM-3:20PM ET"
1774120629,2026-03-21 19:17:09,BUY,Up,0.1700000442667381,3.614452,0.614457,"Solana Up or Down - March 21, 3:15PM-3:20PM ET"
1774120629,2026-03-21 19:17:09,BUY,Up,0.17,6.0,1.02,"Solana Up or Down - March 21, 3:15PM-3:20PM ET"
1774120635,2026-03-21 19:17:15,BUY,Down,0.87,26.0,22.62,"Ethereum Up or Down - March 21, 3:15PM-3:20PM ET"
1774120635,2026-03-21 19:17:15,BUY,Down,0.88,26.0,22.88,"Ethereum Up or Down - March 21, 3:15PM-3:20PM ET"
1774120637,2026-03-21 19:17:17,BUY,Down,0.72,5.0,3.5999999999999996,"Solana Up or Down - March 21, 3:15PM-3:20PM ET"
1774120637,2026-03-21 19:17:17,BUY,Down,0.72,14.0,10.08,"Solana Up or Down - March 21, 3:15PM-3:20PM ET"
1774120639,2026-03-21 19:17:19,BUY,Down,0.72,1.41,1.0151999999999999,"Solana Up or Down - March 21, 3:15PM-3:20PM ET"
1774120639,2026-03-21 19:17:19,BUY,Down,0.72,5.0,3.5999999999999996,"Solana Up or Down - March 21, 3:15PM-3:20PM ET"
1774120657,2026-03-21 19:17:37,BUY,Down,0.6,4.42,2.6519999999999997,"Solana Up or Down - March 21, 3:15PM-3:20PM ET"
1774120659,2026-03-21 19:17:39,BUY,Up,0.39000002901126996,13.098358,5.108359999999999,"Solana Up or Down - March 21, 3:15PM-3:20PM ET"
1774120659,2026-03-21 19:17:39,BUY,Down,0.58,8.0,4.64,"Solana Up or Down - March 21, 3:15PM-3:20PM ET"
1774120659,2026-03-21 19:17:39,BUY,Down,0.57,8.0,4.56,"Solana Up or Down - March 21, 3:15PM-3:20PM ET"
1774120659,2026-03-21 19:17:39,BUY,Down,0.58,2.0,1.16,"Solana Up or Down - March 21, 3:15PM-3:20PM ET"
1774120659,2026-03-21 19:17:39,BUY,Down,0.58,4.0,2.32,"Solana Up or Down - March 21, 3:15PM-3:20PM ET"
1774120659,2026-03-21 19:17:39,BUY,Down,0.57,6.0,3.42,"Solana Up or Down - March 21, 3:15PM-3:20PM ET"
1774120659,2026-03-21 19:17:39,BUY,Down,0.58,14.0,8.12,"Solana Up or Down - March 21, 3:15PM-3:20PM ET"
1774120661,2026-03-21 19:17:41,BUY,Down,0.58,8.7,5.045999999999999,"Solana Up or Down - March 21, 3:15PM-3:20PM ET"
1774120663,2026-03-21 19:17:43,BUY,Up,0.29,26.0,7.539999999999999,"Ethereum Up or Down - March 21, 3:15PM-3:20PM ET"
1774120663,2026-03-21 19:17:43,BUY,Up,0.3,26.0,7.8,"Ethereum Up or Down - March 21, 3:15PM-3:20PM ET"
1774120665,2026-03-21 19:17:45,BUY,Up,0.3,5.6,1.68,"Ethereum Up or Down - March 21, 3:15PM-3:20PM ET"
1774120667,2026-03-21 19:17:47,BUY,Down,0.58,2.72,1.5776000000000001,"Solana Up or Down - March 21, 3:15PM-3:20PM ET"
1774120669,2026-03-21 19:17:49,BUY,Down,0.7,26.0,18.2,"Ethereum Up or Down - March 21, 3:15PM-3:20PM ET"
1774120673,2026-03-21 19:17:53,BUY,Up,0.4,10.016665,4.006666,"Solana Up or Down - March 21, 3:15PM-3:20PM ET"
1774120673,2026-03-21 19:17:53,BUY,Up,0.4,2.99,1.1960000000000002,"Solana Up or Down - March 21, 3:15PM-3:20PM ET"
1774120675,2026-03-21 19:17:55,BUY,Up,0.4,0.99,0.396,"Solana Up or Down - March 21, 3:15PM-3:20PM ET"
1774120685,2026-03-21 19:18:05,BUY,Up,0.3100000333199313,7.202896,2.232898,"Ethereum Up or Down - March 21, 3:15PM-3:20PM ET"
1774120685,2026-03-21 19:18:05,BUY,Up,0.31,5.55,1.7205,"Ethereum Up or Down - March 21, 3:15PM-3:20PM ET"
1774120687,2026-03-21 19:18:07,BUY,Up,0.41000015340011353,1.694914,0.6949150000000001,"Solana Up or Down - March 21, 3:15PM-3:20PM ET"
1774120689,2026-03-21 19:18:09,BUY,Up,0.29,5.55,1.6095,"Ethereum Up or Down - March 21, 3:15PM-3:20PM ET"
1774120691,2026-03-21 19:18:11,BUY,Up,0.29000001846000134,14.084506,4.084506999999999,"Ethereum Up or Down - March 21, 3:15PM-3:20PM ET"
1774120697,2026-03-21 19:18:17,BUY,Down,0.72,4.75,3.42,"Ethereum Up or Down - March 21, 3:15PM-3:20PM ET"
1774120699,2026-03-21 19:18:19,BUY,Down,0.72,3.75,2.6999999999999997,"Ethereum Up or Down - March 21, 3:15PM-3:20PM ET"
1774120701,2026-03-21 19:18:21,BUY,Down,0.59,5.0,2.9499999999999997,"Solana Up or Down - March 21, 3:15PM-3:20PM ET"
1774120703,2026-03-21 19:18:23,BUY,Down,0.34,14.0,4.760000000000001,"Solana Up or Down - March 21, 3:15PM-3:20PM ET"
1774120703,2026-03-21 19:18:23,BUY,Up,0.64,13.69,8.7616,"Solana Up or Down - March 21, 3:15PM-3:20PM ET"
1774120703,2026-03-21 19:18:23,BUY,Down,0.32,13.0,4.16,"Solana Up or Down - March 21, 3:15PM-3:20PM ET"
1774120703,2026-03-21 19:18:23,BUY,Down,0.33,14.0,4.62,"Solana Up or Down - March 21, 3:15PM-3:20PM ET"
1774120705,2026-03-21 19:18:25,BUY,Down,0.35,1.53846,0.538461,"Solana Up or Down - March 21, 3:15PM-3:20PM ET"
1774120705,2026-03-21 19:18:25,BUY,Down,0.45000000830815823,12.036362,5.4163630000000005,"Ethereum Up or Down - March 21, 3:15PM-3:20PM ET"
1774120705,2026-03-21 19:18:25,BUY,Down,0.35,1.53846,0.538461,"Solana Up or Down - March 21, 3:15PM-3:20PM ET"
1774120707,2026-03-21 19:18:27,BUY,Down,0.5,5.98,2.99,"Ethereum Up or Down - March 21, 3:15PM-3:20PM ET"
1774120707,2026-03-21 19:18:27,BUY,Down,0.45,13.96,6.282000000000001,"Ethereum Up or Down - March 21, 3:15PM-3:20PM ET"
1774120707,2026-03-21 19:18:27,BUY,Down,0.49,3.0,1.47,"Solana Up or Down - March 21, 3:15PM-3:20PM ET"
1774120707,2026-03-21 19:18:27,BUY,Down,0.49000002013158195,10.431371,5.111372,"Solana Up or Down - March 21, 3:15PM-3:20PM ET"
1774120707,2026-03-21 19:18:27,BUY,Down,0.5,2.0,1.0,"Ethereum Up or Down - March 21, 3:15PM-3:20PM ET"
1774120707,2026-03-21 19:18:27,BUY,Down,0.35,1.53846,0.538461,"Solana Up or Down - March 21, 3:15PM-3:20PM ET"
1774120707,2026-03-21 19:18:27,BUY,Down,0.35,2.29,0.8015,"Solana Up or Down - March 21, 3:15PM-3:20PM ET"
1774120707,2026-03-21 19:18:27,BUY,Down,0.35000004850747357,5.153845,1.803846,"Solana Up or Down - March 21, 3:15PM-3:20PM ET"
1774120707,2026-03-21 19:18:27,BUY,Down,0.44,26.0,11.44,"Ethereum Up or Down - March 21, 3:15PM-3:20PM ET"
1774120709,2026-03-21 19:18:29,BUY,Down,0.68,26.0,17.68,"Ethereum Up or Down - March 21, 3:15PM-3:20PM ET"
1774120723,2026-03-21 19:18:43,BUY,Up,0.2800001440004032,1.388885,0.38888799999999996,"Ethereum Up or Down - March 21, 3:15PM-3:20PM ET"
1774120723,2026-03-21 19:18:43,BUY,Up,0.28,4.94,1.3832000000000002,"Ethereum Up or Down - March 21, 3:15PM-3:20PM ET"
1774120723,2026-03-21 19:18:43,BUY,Up,0.28,9.92,2.7776,"Ethereum Up or Down - March 21, 3:15PM-3:20PM ET"
1774120723,2026-03-21 19:18:43,BUY,Up,0.28,0.89,0.24920000000000003,"Ethereum Up or Down - March 21, 3:15PM-3:20PM ET"
1774120725,2026-03-21 19:18:45,BUY,Up,0.27,5.01,1.3527,"Ethereum Up or Down - March 21, 3:15PM-3:20PM ET"
1774120745,2026-03-21 19:19:05,BUY,Up,0.25,6.13,1.5325,"Ethereum Up or Down - March 21, 3:15PM-3:20PM ET"
1774120777,2026-03-21 19:19:37,BUY,Up,0.31,25.63,7.9453,"Ethereum Up or Down - March 21, 3:15PM-3:20PM ET"
1774120777,2026-03-21 19:19:37,BUY,Up,0.31000011040086556,0.362316,0.11231800000000002,"Ethereum Up or Down - March 21, 3:15PM-3:20PM ET"
1774120783,2026-03-21 19:19:43,BUY,Up,0.26,5.0,1.3,"Ethereum Up or Down - March 21, 3:15PM-3:20PM ET"
1774120783,2026-03-21 19:19:43,BUY,Up,0.27,26.0,7.0200000000000005,"Ethereum Up or Down - March 21, 3:15PM-3:20PM ET"
1774120785,2026-03-21 19:19:45,BUY,Down,0.7300000837000159,7.407406,5.407407,"Ethereum Up or Down - March 21, 3:15PM-3:20PM ET"
1774120785,2026-03-21 19:19:45,BUY,Down,0.7300001458000671,3.703702,2.703703,"Ethereum Up or Down - March 21, 3:15PM-3:20PM ET"
1774120791,2026-03-21 19:19:51,BUY,Down,0.85,13.0,11.049999999999999,"Ethereum Up or Down - March 21, 3:15PM-3:20PM ET"
1774120795,2026-03-21 19:19:55,BUY,Up,0.11,8.26,0.9086,"Ethereum Up or Down - March 21, 3:15PM-3:20PM ET"
1774120797,2026-03-21 19:19:57,BUY,Up,0.1,6.66666,0.6666660000000001,"Ethereum Up or Down - March 21, 3:15PM-3:20PM ET"
1774120797,2026-03-21 19:19:57,BUY,Up,0.1,5.55555,0.555555,"Ethereum Up or Down - March 21, 3:15PM-3:20PM ET"
1774120797,2026-03-21 19:19:57,BUY,Down,0.91,1.29,1.1739000000000002,"Ethereum Up or Down - March 21, 3:15PM-3:20PM ET"
1774120809,2026-03-21 19:20:09,BUY,Down,0.34,26.0,8.84,"Ethereum Up or Down - March 21, 3:20PM-3:25PM ET"
1774120809,2026-03-21 19:20:09,BUY,Down,0.52,11.23,5.839600000000001,"Solana Up or Down - March 21, 3:20PM-3:25PM ET"
1774120811,2026-03-21 19:20:11,,,0.0,135.904046,0.0,"Solana Up or Down - March 21, 3:10PM-3:15PM ET"
1774120811,2026-03-21 19:20:11,,,0.0,262.570532,0.0,"Ethereum Up or Down - March 21, 3:10PM-3:15PM ET"
1774120811,2026-03-21 19:20:11,BUY,Up,0.6700000409200031,15.151514,10.151515,"Ethereum Up or Down - March 21, 3:20PM-3:25PM ET"
1774120813,2026-03-21 19:20:13,BUY,Up,0.66,26.0,17.16,"Ethereum Up or Down - March 21, 3:20PM-3:25PM ET"
1774120813,2026-03-21 19:20:13,BUY,Up,0.67,26.0,17.42,"Ethereum Up or Down - March 21, 3:20PM-3:25PM ET"
1774120819,2026-03-21 19:20:19,BUY,Up,0.59,18.84,11.115599999999999,"Ethereum Up or Down - March 21, 3:20PM-3:25PM ET"
1774120821,2026-03-21 19:20:21,BUY,Up,0.49,9.8,4.8020000000000005,"Solana Up or Down - March 21, 3:20PM-3:25PM ET"
1774120823,2026-03-21 19:20:23,BUY,Up,0.4900001612724204,2.108234,1.033035,"Solana Up or Down - March 21, 3:20PM-3:25PM ET"
1774120823,2026-03-21 19:20:23,BUY,Up,0.4900000462280795,6.705881,3.285882,"Solana Up or Down - March 21, 3:20PM-3:25PM ET"
1774120823,2026-03-21 19:20:23,BUY,Down,0.39,26.0,10.14,"Ethereum Up or Down - March 21, 3:20PM-3:25PM ET"
1774120823,2026-03-21 19:20:23,BUY,Up,0.48,14.0,6.72,"Solana Up or Down - March 21, 3:20PM-3:25PM ET"
1774120823,2026-03-21 19:20:23,BUY,Up,0.49,5.18,2.5382,"Solana Up or Down - March 21, 3:20PM-3:25PM ET"
1774120825,2026-03-21 19:20:25,BUY,Down,0.39,26.0,10.14,"Ethereum Up or Down - March 21, 3:20PM-3:25PM ET"
1774120839,2026-03-21 19:20:39,BUY,Down,0.45,1.81818,0.8181809999999999,"Solana Up or Down - March 21, 3:20PM-3:25PM ET"
1774120839,2026-03-21 19:20:39,BUY,Down,0.45000006754387506,5.181817,2.3318179999999997,"Solana Up or Down - March 21, 3:20PM-3:25PM ET"
1774120841,2026-03-21 19:20:41,BUY,Down,0.45,2.0,0.9,"Solana Up or Down - March 21, 3:20PM-3:25PM ET"
1774120841,2026-03-21 19:20:41,BUY,Down,0.45,1.81818,0.8181809999999999,"Solana Up or Down - March 21, 3:20PM-3:25PM ET"
1774120845,2026-03-21 19:20:45,BUY,Up,0.6,6.56,3.9359999999999995,"Ethereum Up or Down - March 21, 3:20PM-3:25PM ET"
1774120845,2026-03-21 19:20:45,BUY,Up,0.6,6.56,3.9359999999999995,"Ethereum Up or Down - March 21, 3:20PM-3:25PM ET"
1774120845,2026-03-21 19:20:45,BUY,Up,0.6,5.0,3.0,"Ethereum Up or Down - March 21, 3:20PM-3:25PM ET"
1774120851,2026-03-21 19:20:51,BUY,Down,0.4400000746667065,5.35714,2.357142,"Solana Up or Down - March 21, 3:20PM-3:25PM ET"
1774120851,2026-03-21 19:20:51,BUY,Down,0.44,4.0,1.76,"Solana Up or Down - March 21, 3:20PM-3:25PM ET"
1774120851,2026-03-21 19:20:51,BUY,Down,0.45,14.0,6.3,"Solana Up or Down - March 21, 3:20PM-3:25PM ET"
1774120851,2026-03-21 19:20:51,BUY,Down,0.44,4.64,2.0416,"Solana Up or Down - March 21, 3:20PM-3:25PM ET"
1774120857,2026-03-21 19:20:57,BUY,Up,0.53,5.22,2.7666,"Solana Up or Down - March 21, 3:20PM-3:25PM ET"
1774120867,2026-03-21 19:21:07,BUY,Down,0.37000002741714083,4.376824,1.6194250000000001,"Ethereum Up or Down - March 21, 3:20PM-3:25PM ET"
1774120867,2026-03-21 19:21:07,BUY,Down,0.4900000017000006,5.882351,2.882352,"Solana Up or Down - March 21, 3:20PM-3:25PM ET"
1774120869,2026-03-21 19:21:09,BUY,Up,0.32,13.91,4.4512,"Solana Up or Down - March 21, 3:20PM-3:25PM ET"
1774120869,2026-03-21 19:21:09,BUY,Up,0.37,14.0,5.18,"Solana Up or Down - March 21, 3:20PM-3:25PM ET"
