timestamp,time_utc,side,outcome,price,size,usdc,market
1774117495,2026-03-21 18:24:55,BUY,Up,0.86,30.0,25.8,"Bitcoin Up or Down - March 21, 2:20PM-2:25PM ET"
1774117495,2026-03-21 18:24:55,BUY,Up,0.89,12.5,11.125,"Bitcoin Up or Down - March 21, 2:20PM-2:25PM ET"
1774117495,2026-03-21 18:24:55,BUY,Up,0.8600001053465597,7.214284,6.2042850000000005,"Bitcoin Up or Down - March 21, 2:20PM-2:25PM ET"
1774117497,2026-03-21 18:24:57,BUY,Up,0.56,31.0,17.360000000000003,"Bitcoin Up or Down - March 21, 2:20PM-2:25PM ET"
1774117497,2026-03-21 18:24:57,BUY,Up,0.56,1.0,0.56,"Bitcoin Up or Down - March 21, 2:20PM-2:25PM ET"
1774117497,2026-03-21 18:24:57,BUY,Up,0.56,0.17,0.09520000000000002,"Bitcoin Up or Down - March 21, 2:20PM-2:25PM ET"
1774117497,2026-03-21 18:24:57,BUY,Up,0.56,68.0,38.080000000000005,"Bitcoin Up or Down - March 21, 2:20PM-2:25PM ET"
1774117497,2026-03-21 18:24:57,BUY,Up,0.560000326857367,1.590908,0.8909090000000001,"Bitcoin Up or Down - March 21, 2:20PM-2:25PM ET"
1774117497,2026-03-21 18:24:57,BUY,Up,0.56,40.0,22.400000000000002,"Bitcoin Up or Down - March 21, 2:20PM-2:25PM ET"
1774117497,2026-03-21 18:24:57,BUY,Up,0.5600000782222431,5.113635,2.863636,"Bitcoin Up or Down - March 21, 2:20PM-2:25PM ET"
1774117497,2026-03-21 18:24:57,BUY,Up,0.56,31.0,17.360000000000003,"Bitcoin Up or Down - March 21, 2:20PM-2:25PM ET"
1774117497,2026-03-21 18:24:57,BUY,Up,0.56,14.1,7.896000000000001,"Bitcoin Up or Down - March 21, 2:20PM-2:25PM ET"
1774117497,2026-03-21 18:24:57,BUY,Up,0.56,24.19,13.546400000000002,"Bitcoin Up or Down - March 21, 2:20PM-2:25PM ET"
1774117497,2026-03-21 18:24:57,BUY,Up,0.56,5.71,3.1976000000000004,"Bitcoin Up or Down - March 21, 2:20PM-2:25PM ET"
1774117497,2026-03-21 18:24:57,BUY,Down,0.39,75.0,29.25,"Bitcoin Up or Down - March 21, 2:20PM-2:25PM ET"
1774117497,2026-03-21 18:24:57,BUY,Up,0.56,43.0,24.080000000000002,"Bitcoin Up or Down - March 21, 2:20PM-2:25PM ET"
1774117497,2026-03-21 18:24:57,BUY,Down,0.4,40.52,16.208000000000002,"Bitcoin Up or Down - March 21, 2:20PM-2:25PM ET"
1774117497,2026-03-21 18:24:57,BUY,Down,0.41,58.11,23.8251,"Bitcoin Up or Down - March 21, 2:20PM-2:25PM ET"
1774117497,2026-03-21 18:24:57,BUY,Down,0.4,34.48,13.792,"Bitcoin Up or Down - March 21, 2:20PM-2:25PM ET"
1774117497,2026-03-21 18:24:57,BUY,Down,0.41,5.0,2.05,"Bitcoin Up or Down - March 21, 2:20PM-2:25PM ET"
1774117497,2026-03-21 18:24:57,BUY,Up,0.57,70.34,40.0938,"Bitcoin Up or Down - March 21, 2:20PM-2:25PM ET"
1774117497,2026-03-21 18:24:57,BUY,Up,0.570000049450019,4.651161,2.6511620000000002,"Bitcoin Up or Down - March 21, 2:20PM-2:25PM ET"
1774117497,2026-03-21 18:24:57,BUY,Down,0.4,50.0,20.0,"Bitcoin Up or Down - March 21, 2:20PM-2:25PM ET"
1774117497,2026-03-21 18:24:57,BUY,Down,0.4,25.0,10.0,"Bitcoin Up or Down - March 21, 2:20PM-2:25PM ET"
1774117497,2026-03-21 18:24:57,BUY,Up,0.54,6.0,3.24,"Bitcoin Up or Down - March 21, 2:20PM-2:25PM ET"
1774117497,2026-03-21 18:24:57,BUY,Down,0.41000002272468467,11.881353,4.871355,"Bitcoin Up or Down - March 21, 2:20PM-2:25PM ET"
1774117497,2026-03-21 18:24:57,BUY,Down,0.22000000156000046,12.820509,2.820512,"Bitcoin Up or Down - March 21, 2:20PM-2:25PM ET"
1774117497,2026-03-21 18:24:57,BUY,Down,0.23,35.0,8.05,"Bitcoin Up or Down - March 21, 2:20PM-2:25PM ET"
1774117497,2026-03-21 18:24:57,BUY,Down,0.3700000007368422,13.571427,5.021428,"Bitcoin Up or Down - March 21, 2:20PM-2:25PM ET"
1774117497,2026-03-21 18:24:57,BUY,Down,0.26000000216509933,64.662161,16.812162,"Bitcoin Up or Down - March 21, 2:20PM-2:25PM ET"
1774117499,2026-03-21 18:24:59,BUY,Up,0.5600000459130586,5.227271,2.927272,"Bitcoin Up or Down - March 21, 2:20PM-2:25PM ET"
1774117501,2026-03-21 18:25:01,,,0.0,681.821013,0.0,"Bitcoin Up or Down - March 21, 2:20PM-2:25PM ET"
1774117507,2026-03-21 18:25:07,,,0.0,39.0,0.0,"Ethereum Up or Down - March 21, 2:15PM-2:20PM ET"
1774117507,2026-03-21 18:25:07,,,0.0,325.027322,0.0,"Bitcoin Up or Down - March 21, 2:15PM-2:20PM ET"
1774117509,2026-03-21 18:25:09,BUY,Down,0.55,34.76,19.118000000000002,"Ethereum Up or Down - March 21, 2:25PM-2:30PM ET"
1774117509,2026-03-21 18:25:09,BUY,Down,0.5500000944882187,4.233332,2.3283329999999998,"Ethereum Up or Down - March 21, 2:25PM-2:30PM ET"
1774117511,2026-03-21 18:25:11,BUY,Up,0.42,5.0,2.1,"Bitcoin Up or Down - March 21, 2:25PM-2:30PM ET"
1774117511,2026-03-21 18:25:11,BUY,Up,0.42,5.0,2.1,"Bitcoin Up or Down - March 21, 2:25PM-2:30PM ET"
1774117513,2026-03-21 18:25:13,BUY,Up,0.45,39.0,17.55,"Ethereum Up or Down - March 21, 2:25PM-2:30PM ET"
1774117513,2026-03-21 18:25:13,BUY,Up,0.42,5.88,2.4696,"Bitcoin Up or Down - March 21, 2:25PM-2:30PM ET"
1774117515,2026-03-21 18:25:15,BUY,Down,0.56,75.0,42.00000000000001,"Bitcoin Up or Down - March 21, 2:25PM-2:30PM ET"
1774117515,2026-03-21 18:25:15,BUY,Down,0.57,75.0,42.74999999999999,"Bitcoin Up or Down - March 21, 2:25PM-2:30PM ET"
1774117515,2026-03-21 18:25:15,BUY,Up,0.45,5.0,2.25,"Ethereum Up or Down - March 21, 2:25PM-2:30PM ET"
1774117515,2026-03-21 18:25:15,BUY,Up,0.45,5.0,2.25,"Ethereum Up or Down - March 21, 2:25PM-2:30PM ET"
1774117517,2026-03-21 18:25:17,BUY,Up,0.41,75.0,30.749999999999996,"Bitcoin Up or Down - March 21, 2:25PM-2:30PM ET"
1774117517,2026-03-21 18:25:17,BUY,Up,0.45,9.09,4.0905000000000005,"Ethereum Up or Down - March 21, 2:25PM-2:30PM ET"
1774117517,2026-03-21 18:25:17,BUY,Up,0.45000003666667643,5.454544,2.454545,"Ethereum Up or Down - March 21, 2:25PM-2:30PM ET"
1774117519,2026-03-21 18:25:19,BUY,Up,0.4200001740002958,1.724135,0.724137,"Bitcoin Up or Down - March 21, 2:25PM-2:30PM ET"
1774117519,2026-03-21 18:25:19,BUY,Up,0.44,5.0,2.2,"Ethereum Up or Down - March 21, 2:25PM-2:30PM ET"
1774117519,2026-03-21 18:25:19,BUY,Up,0.44,23.91,10.5204,"Ethereum Up or Down - March 21, 2:25PM-2:30PM ET"
1774117519,2026-03-21 18:25:19,BUY,Up,0.44000000785965176,5.089284,2.239285,"Ethereum Up or Down - March 21, 2:25PM-2:30PM ET"
1774117519,2026-03-21 18:25:19,BUY,Up,0.44,5.0,2.2,"Ethereum Up or Down - March 21, 2:25PM-2:30PM ET"
1774117519,2026-03-21 18:25:19,BUY,Up,0.4200000139200011,17.241378,7.241379000000001,"Bitcoin Up or Down - March 21, 2:25PM-2:30PM ET"
1774117519,2026-03-21 18:25:19,BUY,Up,0.42000003398437963,8.827585,3.7075859999999996,"Bitcoin Up or Down - March 21, 2:25PM-2:30PM ET"
1774117519,2026-03-21 18:25:19,BUY,Up,0.42,10.47,4.3974,"Bitcoin Up or Down - March 21, 2:25PM-2:30PM ET"
1774117521,2026-03-21 18:25:21,BUY,Up,0.42,6.89655,2.896551,"Bitcoin Up or Down - March 21, 2:25PM-2:30PM ET"
1774117521,2026-03-21 18:25:21,BUY,Up,0.4200001740002958,1.724135,0.724137,"Bitcoin Up or Down - March 21, 2:25PM-2:30PM ET"
1774117521,2026-03-21 18:25:21,BUY,Up,0.4200001740002958,1.724135,0.724137,"Bitcoin Up or Down - March 21, 2:25PM-2:30PM ET"
1774117523,2026-03-21 18:25:23,BUY,Down,0.57,1.01,0.5757,"Bitcoin Up or Down - March 21, 2:25PM-2:30PM ET"
1774117523,2026-03-21 18:25:23,BUY,Down,0.57,4.22,2.4053999999999998,"Bitcoin Up or Down - March 21, 2:25PM-2:30PM ET"
1774117523,2026-03-21 18:25:23,BUY,Down,0.5700000028666667,69.76744,39.767441,"Bitcoin Up or Down - March 21, 2:25PM-2:30PM ET"
1774117525,2026-03-21 18:25:25,BUY,Up,0.41,34.05,13.960499999999998,"Bitcoin Up or Down - March 21, 2:25PM-2:30PM ET"
1774117525,2026-03-21 18:25:25,BUY,Up,0.41000001667564107,12.593219,5.16322,"Bitcoin Up or Down - March 21, 2:25PM-2:30PM ET"
1774117525,2026-03-21 18:25:25,BUY,Up,0.410000023072628,12.135592,4.975593,"Bitcoin Up or Down - March 21, 2:25PM-2:30PM ET"
1774117525,2026-03-21 18:25:25,BUY,Up,0.41,15.0,6.1499999999999995,"Bitcoin Up or Down - March 21, 2:25PM-2:30PM ET"
1774117525,2026-03-21 18:25:25,BUY,Up,0.41,1.21,0.49609999999999993,"Bitcoin Up or Down - March 21, 2:25PM-2:30PM ET"
1774117527,2026-03-21 18:25:27,BUY,Up,0.37,15.0,5.55,"Ethereum Up or Down - March 21, 2:25PM-2:30PM ET"
1774117531,2026-03-21 18:25:31,,,0.0,655.80546,0.0,"Bitcoin Up or Down - March 21, 2:20PM-2:25PM ET"
1774117531,2026-03-21 18:25:31,BUY,Up,0.33,11.99,3.9567,"Bitcoin Up or Down - March 21, 2:25PM-2:30PM ET"
1774117531,2026-03-21 18:25:31,BUY,Up,0.33,15.54,5.1282,"Bitcoin Up or Down - March 21, 2:25PM-2:30PM ET"
1774117531,2026-03-21 18:25:31,BUY,Up,0.33,40.0,13.200000000000001,"Bitcoin Up or Down - March 21, 2:25PM-2:30PM ET"
1774117531,2026-03-21 18:25:31,BUY,Up,0.3300000375200129,7.462684,2.462686,"Bitcoin Up or Down - March 21, 2:25PM-2:30PM ET"
1774117533,2026-03-21 18:25:33,BUY,Down,0.67,8.17,5.4739,"Bitcoin Up or Down - March 21, 2:25PM-2:30PM ET"
1774117533,2026-03-21 18:25:33,BUY,Up,0.32000001554286567,5.147056,1.647058,"Ethereum Up or Down - March 21, 2:25PM-2:30PM ET"
1774117533,2026-03-21 18:25:33,BUY,Up,0.32,5.0,1.6,"Ethereum Up or Down - March 21, 2:25PM-2:30PM ET"
1774117533,2026-03-21 18:25:33,BUY,Down,0.67,18.0,12.06,"Bitcoin Up or Down - March 21, 2:25PM-2:30PM ET"
1774117533,2026-03-21 18:25:33,BUY,Down,0.67,0.01,0.0067,"Bitcoin Up or Down - March 21, 2:25PM-2:30PM ET"
1774117535,2026-03-21 18:25:35,BUY,Down,0.67,48.82,32.7094,"Bitcoin Up or Down - March 21, 2:25PM-2:30PM ET"
1774117541,2026-03-21 18:25:41,BUY,Down,0.74,39.0,28.86,"Ethereum Up or Down - March 21, 2:25PM-2:30PM ET"
1774117543,2026-03-21 18:25:43,BUY,Up,0.3,37.81,11.343,"Ethereum Up or Down - March 21, 2:25PM-2:30PM ET"
1774117543,2026-03-21 18:25:43,BUY,Down,0.6700000307029125,19.54212,13.093221,"Ethereum Up or Down - March 21, 2:25PM-2:30PM ET"
1774117545,2026-03-21 18:25:45,BUY,Down,0.67,5.0,3.35,"Ethereum Up or Down - March 21, 2:25PM-2:30PM ET"
1774117545,2026-03-21 18:25:45,BUY,Down,0.73,26.47,19.3231,"Bitcoin Up or Down - March 21, 2:25PM-2:30PM ET"
1774117545,2026-03-21 18:25:45,BUY,Up,0.3,1.19,0.357,"Ethereum Up or Down - March 21, 2:25PM-2:30PM ET"
1774117545,2026-03-21 18:25:45,BUY,Down,0.7600000241578327,24.836665,18.875866,"Bitcoin Up or Down - March 21, 2:25PM-2:30PM ET"
1774117547,2026-03-21 18:25:47,BUY,Down,0.75,40.0,30.0,"Bitcoin Up or Down - March 21, 2:25PM-2:30PM ET"
1774117547,2026-03-21 18:25:47,BUY,Down,0.75,4.4,3.3000000000000003,"Bitcoin Up or Down - March 21, 2:25PM-2:30PM ET"
1774117547,2026-03-21 18:25:47,BUY,Down,0.75,30.6,22.950000000000003,"Bitcoin Up or Down - March 21, 2:25PM-2:30PM ET"
1774117553,2026-03-21 18:25:53,BUY,Down,0.69,39.0,26.909999999999997,"Ethereum Up or Down - March 21, 2:25PM-2:30PM ET"
1774117553,2026-03-21 18:25:53,BUY,Down,0.75,50.16,37.62,"Bitcoin Up or Down - March 21, 2:25PM-2:30PM ET"
1774117555,2026-03-21 18:25:55,BUY,Down,0.65,19.8,12.870000000000001,"Ethereum Up or Down - March 21, 2:25PM-2:30PM ET"
1774117557,2026-03-21 18:25:57,BUY,Down,0.64,37.55,24.032,"Ethereum Up or Down - March 21, 2:25PM-2:30PM ET"
1774117557,2026-03-21 18:25:57,BUY,Down,0.6400003323080247,1.444443,0.924444,"Ethereum Up or Down - March 21, 2:25PM-2:30PM ET"
1774117561,2026-03-21 18:26:01,BUY,Up,0.27,2.0,0.54,"Ethereum Up or Down - March 21, 2:25PM-2:30PM ET"
1774117563,2026-03-21 18:26:03,BUY,Up,0.35000000447288765,55.892305,19.562307,"Bitcoin Up or Down - March 21, 2:25PM-2:30PM ET"
1774117563,2026-03-21 18:26:03,BUY,Up,0.27,5.09,1.3743,"Ethereum Up or Down - March 21, 2:25PM-2:30PM ET"
1774117563,2026-03-21 18:26:03,BUY,Up,0.27,17.98,4.8546000000000005,"Ethereum Up or Down - March 21, 2:25PM-2:30PM ET"
1774117565,2026-03-21 18:26:05,BUY,Up,0.3500000180555584,8.307691,2.9076920000000004,"Bitcoin Up or Down - March 21, 2:25PM-2:30PM ET"
1774117565,2026-03-21 18:26:05,BUY,Up,0.35,10.79,3.7764999999999995,"Bitcoin Up or Down - March 21, 2:25PM-2:30PM ET"
1774117565,2026-03-21 18:26:05,BUY,Down,0.7300000267775849,18.298887,13.358188,"Ethereum Up or Down - March 21, 2:25PM-2:30PM ET"
1774117565,2026-03-21 18:26:05,BUY,Down,0.7300000313714309,19.444443,14.194443999999999,"Ethereum Up or Down - March 21, 2:25PM-2:30PM ET"
1774117565,2026-03-21 18:26:05,BUY,Down,0.73,1.25,0.9125,"Ethereum Up or Down - March 21, 2:25PM-2:30PM ET"
1774117565,2026-03-21 18:26:05,BUY,Up,0.33,75.0,24.75,"Bitcoin Up or Down - March 21, 2:25PM-2:30PM ET"
1774117567,2026-03-21 18:26:07,BUY,Up,0.34,5.0,1.7000000000000002,"Bitcoin Up or Down - March 21, 2:25PM-2:30PM ET"
1774117569,2026-03-21 18:26:09,BUY,Down,0.63,74.53,46.953900000000004,"Bitcoin Up or Down - March 21, 2:25PM-2:30PM ET"
1774117571,2026-03-21 18:26:11,BUY,Down,0.62,75.0,46.5,"Bitcoin Up or Down - March 21, 2:25PM-2:30PM ET"
1774117581,2026-03-21 18:26:21,BUY,Down,0.58,1.06,0.6148,"Bitcoin Up or Down - March 21, 2:25PM-2:30PM ET"
1774117589,2026-03-21 18:26:29,BUY,Up,0.38,36.74,13.961200000000002,"Bitcoin Up or Down - March 21, 2:25PM-2:30PM ET"
1774117589,2026-03-21 18:26:29,BUY,Up,0.38,24.75,9.405,"Bitcoin Up or Down - March 21, 2:25PM-2:30PM ET"
1774117591,2026-03-21 18:26:31,BUY,Down,0.58,65.89,38.2162,"Bitcoin Up or Down - March 21, 2:25PM-2:30PM ET"
1774117593,2026-03-21 18:26:33,BUY,Up,0.38000006425613353,5.602578,2.1289800000000003,"Bitcoin Up or Down - March 21, 2:25PM-2:30PM ET"
1774117593,2026-03-21 18:26:33,BUY,Up,0.39,75.0,29.25,"Bitcoin Up or Down - March 21, 2:25PM-2:30PM ET"
1774117593,2026-03-21 18:26:33,BUY,Up,0.4,3.66,1.4640000000000002,"Bitcoin Up or Down - March 21, 2:25PM-2:30PM ET"
1774117593,2026-03-21 18:26:33,BUY,Up,0.4,5.0,2.0,"Bitcoin Up or Down - March 21, 2:25PM-2:30PM ET"
1774117593,2026-03-21 18:26:33,BUY,Up,0.4,33.71,13.484000000000002,"Bitcoin Up or Down - March 21, 2:25PM-2:30PM ET"
1774117593,2026-03-21 18:26:33,BUY,Up,0.4,1.666665,0.6666660000000001,"Bitcoin Up or Down - March 21, 2:25PM-2:30PM ET"
1774117595,2026-03-21 18:26:35,BUY,Up,0.41,8.97,3.6777,"Bitcoin Up or Down - March 21, 2:25PM-2:30PM ET"
1774117595,2026-03-21 18:26:35,BUY,Up,0.4,5.0,2.0,"Bitcoin Up or Down - March 21, 2:25PM-2:30PM ET"
1774117595,2026-03-21 18:26:35,BUY,Up,0.4000001188119753,1.683332,0.673333,"Bitcoin Up or Down - March 21, 2:25PM-2:30PM ET"
1774117595,2026-03-21 18:26:35,BUY,Up,0.4,0.84,0.336,"Bitcoin Up or Down - March 21, 2:25PM-2:30PM ET"
1774117595,2026-03-21 18:26:35,BUY,Up,0.41,37.0,15.17,"Bitcoin Up or Down - March 21, 2:25PM-2:30PM ET"
1774117595,2026-03-21 18:26:35,BUY,Up,0.4100000255373161,11.355931,4.655932,"Bitcoin Up or Down - March 21, 2:25PM-2:30PM ET"
1774117595,2026-03-21 18:26:35,BUY,Up,0.41000003245001443,3.389829,1.3898300000000001,"Bitcoin Up or Down - March 21, 2:25PM-2:30PM ET"
1774117595,2026-03-21 18:26:35,BUY,Up,0.4,1.666665,0.6666660000000001,"Bitcoin Up or Down - March 21, 2:25PM-2:30PM ET"
1774117595,2026-03-21 18:26:35,BUY,Up,0.4,1.666665,0.6666660000000001,"Bitcoin Up or Down - March 21, 2:25PM-2:30PM ET"
1774117595,2026-03-21 18:26:35,BUY,Up,0.4,1.666665,0.6666660000000001,"Bitcoin Up or Down - March 21, 2:25PM-2:30PM ET"
1774117597,2026-03-21 18:26:37,BUY,Up,0.4,1.67,0.668,"Bitcoin Up or Down - March 21, 2:25PM-2:30PM ET"
1774117597,2026-03-21 18:26:37,BUY,Up,0.4,1.666665,0.6666660000000001,"Bitcoin Up or Down - March 21, 2:25PM-2:30PM ET"
1774117597,2026-03-21 18:26:37,BUY,Up,0.4,1.666665,0.6666660000000001,"Bitcoin Up or Down - March 21, 2:25PM-2:30PM ET"
1774117597,2026-03-21 18:26:37,BUY,Up,0.24000002235295284,7.157891,1.717894,"Ethereum Up or Down - March 21, 2:25PM-2:30PM ET"
1774117597,2026-03-21 18:26:37,BUY,Up,0.4,10.07,4.0280000000000005,"Bitcoin Up or Down - March 21, 2:25PM-2:30PM ET"
1774117597,2026-03-21 18:26:37,BUY,Up,0.4,1.666665,0.6666660000000001,"Bitcoin Up or Down - March 21, 2:25PM-2:30PM ET"
1774117597,2026-03-21 18:26:37,BUY,Up,0.4,1.666665,0.6666660000000001,"Bitcoin Up or Down - March 21, 2:25PM-2:30PM ET"
1774117599,2026-03-21 18:26:39,BUY,Down,0.5700001460740513,2.396045,1.3657460000000001,"Bitcoin Up or Down - March 21, 2:25PM-2:30PM ET"
1774117599,2026-03-21 18:26:39,BUY,Up,0.41,12.64,5.1824,"Bitcoin Up or Down - March 21, 2:25PM-2:30PM ET"
1774117599,2026-03-21 18:26:39,BUY,Down,0.56,75.0,42.00000000000001,"Bitcoin Up or Down - March 21, 2:25PM-2:30PM ET"
1774117599,2026-03-21 18:26:39,BUY,Down,0.57,72.6,41.38199999999999,"Bitcoin Up or Down - March 21, 2:25PM-2:30PM ET"
1774117599,2026-03-21 18:26:39,BUY,Up,0.41000001387647717,14.41288,5.909281,"Bitcoin Up or Down - March 21, 2:25PM-2:30PM ET"
1774117599,2026-03-21 18:26:39,BUY,Up,0.41,0.23,0.0943,"Bitcoin Up or Down - March 21, 2:25PM-2:30PM ET"
1774117599,2026-03-21 18:26:39,BUY,Up,0.41000015340011353,1.694914,0.6949150000000001,"Bitcoin Up or Down - March 21, 2:25PM-2:30PM ET"
1774117599,2026-03-21 18:26:39,BUY,Up,0.41000015340011353,1.694914,0.6949150000000001,"Bitcoin Up or Down - March 21, 2:25PM-2:30PM ET"
1774117599,2026-03-21 18:26:39,BUY,Up,0.41,0.84,0.3444,"Bitcoin Up or Down - March 21, 2:25PM-2:30PM ET"
1774117603,2026-03-21 18:26:43,BUY,Down,0.57,75.0,42.74999999999999,"Bitcoin Up or Down - March 21, 2:25PM-2:30PM ET"
1774117603,2026-03-21 18:26:43,BUY,Down,0.560001414293796,0.254544,0.142545,"Bitcoin Up or Down - March 21, 2:25PM-2:30PM ET"
1774117609,2026-03-21 18:26:49,BUY,Up,0.24,3.0,0.72,"Ethereum Up or Down - March 21, 2:25PM-2:30PM ET"
1774117609,2026-03-21 18:26:49,BUY,Down,0.48,2.0,0.96,"Ethereum Up or Down - March 21, 2:25PM-2:30PM ET"
1774117609,2026-03-21 18:26:49,BUY,Up,0.48,5.0,2.4,"Ethereum Up or Down - March 21, 2:25PM-2:30PM ET"
1774117611,2026-03-21 18:26:51,BUY,Up,0.55,27.01,14.855500000000003,"Ethereum Up or Down - March 21, 2:25PM-2:30PM ET"
1774117611,2026-03-21 18:26:51,BUY,Up,0.55,11.99,6.594500000000001,"Ethereum Up or Down - March 21, 2:25PM-2:30PM ET"
1774117611,2026-03-21 18:26:51,BUY,Down,0.47,39.0,18.33,"Ethereum Up or Down - March 21, 2:25PM-2:30PM ET"
1774117611,2026-03-21 18:26:51,BUY,Down,0.48,35.0,16.8,"Ethereum Up or Down - March 21, 2:25PM-2:30PM ET"
1774117611,2026-03-21 18:26:51,BUY,Down,0.48,2.0,0.96,"Ethereum Up or Down - March 21, 2:25PM-2:30PM ET"
1774117611,2026-03-21 18:26:51,BUY,Down,0.47,39.0,18.33,"Ethereum Up or Down - March 21, 2:25PM-2:30PM ET"
1774117615,2026-03-21 18:26:55,BUY,Up,0.7400001443803557,3.463075,2.562676,"Bitcoin Up or Down - March 21, 2:25PM-2:30PM ET"
1774117615,2026-03-21 18:26:55,BUY,Up,0.78,5.0,3.9000000000000004,"Bitcoin Up or Down - March 21, 2:25PM-2:30PM ET"
1774117615,2026-03-21 18:26:55,BUY,Up,0.7800001100000236,6.363635,4.963636,"Bitcoin Up or Down - March 21, 2:25PM-2:30PM ET"
1774117615,2026-03-21 18:26:55,BUY,Up,0.78,5.0,3.9000000000000004,"Bitcoin Up or Down - March 21, 2:25PM-2:30PM ET"
1774117615,2026-03-21 18:26:55,BUY,Up,0.78,10.0,7.800000000000001,"Bitcoin Up or Down - March 21, 2:25PM-2:30PM ET"
1774117615,2026-03-21 18:26:55,BUY,Up,0.78,2.0,1.56,"Bitcoin Up or Down - March 21, 2:25PM-2:30PM ET"
1774117615,2026-03-21 18:26:55,BUY,Up,0.7400000160216159,32.456152,24.017553000000003,"Bitcoin Up or Down - March 21, 2:25PM-2:30PM ET"
1774117615,2026-03-21 18:26:55,BUY,Up,0.75,5.0,3.75,"Bitcoin Up or Down - March 21, 2:25PM-2:30PM ET"
1774117615,2026-03-21 18:26:55,BUY,Up,0.75,37.0,27.75,"Bitcoin Up or Down - March 21, 2:25PM-2:30PM ET"
1774117615,2026-03-21 18:26:55,BUY,Up,0.74,5.0,3.7,"Bitcoin Up or Down - March 21, 2:25PM-2:30PM ET"
1774117615,2026-03-21 18:26:55,BUY,Up,0.76,7.91,6.0116000000000005,"Bitcoin Up or Down - March 21, 2:25PM-2:30PM ET"
1774117617,2026-03-21 18:26:57,BUY,Up,0.78,46.63,36.3714,"Bitcoin Up or Down - March 21, 2:25PM-2:30PM ET"
1774117617,2026-03-21 18:26:57,BUY,Up,0.7900001412727606,5.238094,4.138095,"Bitcoin Up or Down - March 21, 2:25PM-2:30PM ET"
1774117617,2026-03-21 18:26:57,BUY,Down,0.37,1.5873,0.587301,"Ethereum Up or Down - March 21, 2:25PM-2:30PM ET"
1774117617,2026-03-21 18:26:57,BUY,Down,0.37,19.93,7.374099999999999,"Ethereum Up or Down - March 21, 2:25PM-2:30PM ET"
1774117619,2026-03-21 18:26:59,BUY,Up,0.77,75.0,57.75,"Bitcoin Up or Down - March 21, 2:25PM-2:30PM ET"
1774117619,2026-03-21 18:26:59,BUY,Up,0.79,58.0,45.82,"Bitcoin Up or Down - March 21, 2:25PM-2:30PM ET"
1774117619,2026-03-21 18:26:59,BUY,Up,0.79,11.76,9.2904,"Bitcoin Up or Down - March 21, 2:25PM-2:30PM ET"
1774117619,2026-03-21 18:26:59,BUY,Up,0.76,14.35,10.906,"Bitcoin Up or Down - March 21, 2:25PM-2:30PM ET"
1774117621,2026-03-21 18:27:01,,,0.0,753.747107,0.0,"Bitcoin Up or Down - March 21, 2:25PM-2:30PM ET"
1774117623,2026-03-21 18:27:03,BUY,Down,0.21,75.0,15.75,"Bitcoin Up or Down - March 21, 2:25PM-2:30PM ET"
1774117625,2026-03-21 18:27:05,BUY,Down,0.22,0.08,0.0176,"Bitcoin Up or Down - March 21, 2:25PM-2:30PM ET"
1774117625,2026-03-21 18:27:05,BUY,Down,0.22,0.06,0.0132,"Bitcoin Up or Down - March 21, 2:25PM-2:30PM ET"
1774117625,2026-03-21 18:27:05,BUY,Down,0.22000001872000705,6.410254,1.4102560000000002,"Bitcoin Up or Down - March 21, 2:25PM-2:30PM ET"
1774117625,2026-03-21 18:27:05,BUY,Down,0.22,1.5,0.33,"Bitcoin Up or Down - March 21, 2:25PM-2:30PM ET"
1774117625,2026-03-21 18:27:05,BUY,Down,0.22,1.28205,0.282051,"Bitcoin Up or Down - March 21, 2:25PM-2:30PM ET"
1774117625,2026-03-21 18:27:05,BUY,Down,0.22,0.07,0.015400000000000002,"Bitcoin Up or Down - March 21, 2:25PM-2:30PM ET"
1774117625,2026-03-21 18:27:05,BUY,Down,0.22000000641975437,6.230768,1.3707690000000001,"Bitcoin Up or Down - March 21, 2:25PM-2:30PM ET"
1774117625,2026-03-21 18:27:05,BUY,Down,0.22,0.1,0.022000000000000002,"Bitcoin Up or Down - March 21, 2:25PM-2:30PM ET"
1774117625,2026-03-21 18:27:05,BUY,Down,0.22,0.09,0.019799999999999998,"Bitcoin Up or Down - March 21, 2:25PM-2:30PM ET"
1774117625,2026-03-21 18:27:05,BUY,Down,0.22000002311112754,5.192304,1.142307,"Bitcoin Up or Down - March 21, 2:25PM-2:30PM ET"
1774117625,2026-03-21 18:27:05,BUY,Down,0.22,0.12,0.0264,"Bitcoin Up or Down - March 21, 2:25PM-2:30PM ET"
1774117625,2026-03-21 18:27:05,BUY,Down,0.22,6.0,1.32,"Bitcoin Up or Down - March 21, 2:25PM-2:30PM ET"
1774117625,2026-03-21 18:27:05,BUY,Down,0.21000001117537095,15.212023,3.194525,"Bitcoin Up or Down - March 21, 2:25PM-2:30PM ET"
1774117625,2026-03-21 18:27:05,BUY,Down,0.21,0.92,0.1932,"Bitcoin Up or Down - March 21, 2:25PM-2:30PM ET"
1774117625,2026-03-21 18:27:05,BUY,Down,0.21000000812757694,6.151895,1.2918979999999998,"Bitcoin Up or Down - March 21, 2:25PM-2:30PM ET"
1774117627,2026-03-21 18:27:07,BUY,Down,0.22,6.84615,1.5061529999999999,"Bitcoin Up or Down - March 21, 2:25PM-2:30PM ET"
1774117627,2026-03-21 18:27:07,BUY,Down,0.22,13.19,2.9017999999999997,"Bitcoin Up or Down - March 21, 2:25PM-2:30PM ET"
1774117627,2026-03-21 18:27:07,BUY,Down,0.22,6.06,1.3332,"Bitcoin Up or Down - March 21, 2:25PM-2:30PM ET"
1774117627,2026-03-21 18:27:07,BUY,Down,0.22,1.28205,0.282051,"Bitcoin Up or Down - March 21, 2:25PM-2:30PM ET"
1774117627,2026-03-21 18:27:07,BUY,Down,0.22,8.0,1.76,"Bitcoin Up or Down - March 21, 2:25PM-2:30PM ET"
1774117627,2026-03-21 18:27:07,BUY,Down,0.22,5.0,1.1,"Bitcoin Up or Down - March 21, 2:25PM-2:30PM ET"
1774117627,2026-03-21 18:27:07,BUY,Up,0.76,61.57,46.7932,"Bitcoin Up or Down - March 21, 2:25PM-2:30PM ET"
1774117627,2026-03-21 18:27:07,BUY,Down,0.21000000774509947,6.455695,1.355696,"Bitcoin Up or Down - March 21, 2:25PM-2:30PM ET"
1774117627,2026-03-21 18:27:07,BUY,Down,0.21,4.13,0.8673,"Bitcoin Up or Down - March 21, 2:25PM-2:30PM ET"
1774117627,2026-03-21 18:27:07,BUY,Down,0.21,2.66,0.5586,"Bitcoin Up or Down - March 21, 2:25PM-2:30PM ET"
1774117627,2026-03-21 18:27:07,BUY,Down,0.22,1.28205,0.282051,"Bitcoin Up or Down - March 21, 2:25PM-2:30PM ET"
1774117627,2026-03-21 18:27:07,BUY,Up,0.76,5.09,3.8684,"Bitcoin Up or Down - March 21, 2:25PM-2:30PM ET"
1774117627,2026-03-21 18:27:07,BUY,Down,0.22,2.22,0.48840000000000006,"Bitcoin Up or Down - March 21, 2:25PM-2:30PM ET"
1774117627,2026-03-21 18:27:07,BUY,Down,0.22,1.06,0.23320000000000002,"Bitcoin Up or Down - March 21, 2:25PM-2:30PM ET"
1774117629,2026-03-21 18:27:09,BUY,Down,0.21000000790002363,1.265819,0.265822,"Bitcoin Up or Down - March 21, 2:25PM-2:30PM ET"
1774117629,2026-03-21 18:27:09,BUY,Down,0.21000000790002363,1.265819,0.265822,"Bitcoin Up or Down - March 21, 2:25PM-2:30PM ET"
1774117629,2026-03-21 18:27:09,BUY,Down,0.21,1.61,0.3381,"Bitcoin Up or Down - March 21, 2:25PM-2:30PM ET"
1774117629,2026-03-21 18:27:09,BUY,Down,0.21000000316000045,25.316452,5.316455,"Bitcoin Up or Down - March 21, 2:25PM-2:30PM ET"
1774117629,2026-03-21 18:27:09,BUY,Up,0.77,43.0,33.11,"Bitcoin Up or Down - March 21, 2:25PM-2:30PM ET"
1774117629,2026-03-21 18:27:09,BUY,Up,0.7600000816000131,8.333332,6.3333330000000005,"Bitcoin Up or Down - March 21, 2:25PM-2:30PM ET"
1774117633,2026-03-21 18:27:13,BUY,Down,0.15000001954023393,5.117646,0.767647,"Bitcoin Up or Down - March 21, 2:25PM-2:30PM ET"
1774117633,2026-03-21 18:27:13,BUY,Down,0.15,2.0,0.3,"Bitcoin Up or Down - March 21, 2:25PM-2:30PM ET"
1774117633,2026-03-21 18:27:13,BUY,Down,0.16,38.0,6.08,"Bitcoin Up or Down - March 21, 2:25PM-2:30PM ET"
1774117633,2026-03-21 18:27:13,BUY,Down,0.15,11.7647,1.764705,"Bitcoin Up or Down - March 21, 2:25PM-2:30PM ET"
1774117633,2026-03-21 18:27:13,BUY,Down,0.15,18.0,2.6999999999999997,"Bitcoin Up or Down - March 21, 2:25PM-2:30PM ET"
1774117633,2026-03-21 18:27:13,BUY,Down,0.16,37.0,5.92,"Bitcoin Up or Down - March 21, 2:25PM-2:30PM ET"
1774117635,2026-03-21 18:27:15,BUY,Down,0.1500000850003315,1.176466,0.17647,"Bitcoin Up or Down - March 21, 2:25PM-2:30PM ET"
1774117635,2026-03-21 18:27:15,BUY,Down,0.15,22.05,3.3075,"Bitcoin Up or Down - March 21, 2:25PM-2:30PM ET"
1774117635,2026-03-21 18:27:15,BUY,Down,0.1500000850003315,1.176466,0.17647,"Bitcoin Up or Down - March 21, 2:25PM-2:30PM ET"
1774117635,2026-03-21 18:27:15,BUY,Up,0.81,5.0,4.050000000000001,"Bitcoin Up or Down - March 21, 2:25PM-2:30PM ET"
1774117635,2026-03-21 18:27:15,BUY,Up,0.82,30.72,25.190399999999997,"Bitcoin Up or Down - March 21, 2:25PM-2:30PM ET"
1774117635,2026-03-21 18:27:15,BUY,Up,0.82,12.55,10.291,"Bitcoin Up or Down - March 21, 2:25PM-2:30PM ET"
1774117635,2026-03-21 18:27:15,BUY,Up,0.82,15.0,12.299999999999999,"Bitcoin Up or Down - March 21, 2:25PM-2:30PM ET"
1774117637,2026-03-21 18:27:17,BUY,Up,0.8300000578000093,11.764704,9.764705000000001,"Bitcoin Up or Down - March 21, 2:25PM-2:30PM ET"
1774117637,2026-03-21 18:27:17,BUY,Up,0.83,5.11,4.2413,"Bitcoin Up or Down - March 21, 2:25PM-2:30PM ET"
1774117637,2026-03-21 18:27:17,BUY,Up,0.82,16.73,13.7186,"Bitcoin Up or Down - March 21, 2:25PM-2:30PM ET"
1774117637,2026-03-21 18:27:17,BUY,Up,0.83,19.69,16.3427,"Bitcoin Up or Down - March 21, 2:25PM-2:30PM ET"
1774117637,2026-03-21 18:27:17,BUY,Up,0.83,14.01,11.6283,"Bitcoin Up or Down - March 21, 2:25PM-2:30PM ET"
1774117637,2026-03-21 18:27:17,BUY,Up,0.8300000290843393,24.411763,20.261764,"Bitcoin Up or Down - March 21, 2:25PM-2:30PM ET"
1774117639,2026-03-21 18:27:19,BUY,Down,0.15,75.0,11.25,"Bitcoin Up or Down - March 21, 2:25PM-2:30PM ET"
1774117641,2026-03-21 18:27:21,BUY,Up,0.76,2.0,1.52,"Ethereum Up or Down - March 21, 2:25PM-2:30PM ET"
1774117645,2026-03-21 18:27:25,BUY,Down,0.1200000021148766,37.827266,4.539272,"Bitcoin Up or Down - March 21, 2:25PM-2:30PM ET"
1774117645,2026-03-21 18:27:25,BUY,Down,0.12,10.11,1.2131999999999998,"Bitcoin Up or Down - March 21, 2:25PM-2:30PM ET"
1774117645,2026-03-21 18:27:25,BUY,Down,0.12000001408000541,5.681816,0.681818,"Bitcoin Up or Down - March 21, 2:25PM-2:30PM ET"
1774117645,2026-03-21 18:27:25,BUY,Down,0.12000000352000104,11.363633,1.3636359999999998,"Bitcoin Up or Down - March 21, 2:25PM-2:30PM ET"
1774117645,2026-03-21 18:27:25,BUY,Down,0.12,10.0,1.2,"Bitcoin Up or Down - March 21, 2:25PM-2:30PM ET"
1774117645,2026-03-21 18:27:25,BUY,Down,0.13,75.0,9.75,"Bitcoin Up or Down - March 21, 2:25PM-2:30PM ET"
1774117645,2026-03-21 18:27:25,BUY,Up,0.84,21.1625,17.776500000000002,"Bitcoin Up or Down - March 21, 2:25PM-2:30PM ET"
1774117647,2026-03-21 18:27:27,BUY,Down,0.11,27.22,2.9941999999999998,"Bitcoin Up or Down - March 21, 2:25PM-2:30PM ET"
1774117647,2026-03-21 18:27:27,BUY,Down,0.11000000085781067,46.630336,5.129337,"Bitcoin Up or Down - March 21, 2:25PM-2:30PM ET"
1774117649,2026-03-21 18:27:29,BUY,Down,0.12,5.55,0.6659999999999999,"Bitcoin Up or Down - March 21, 2:25PM-2:30PM ET"
1774117649,2026-03-21 18:27:29,BUY,Down,0.12,7.83,0.9396,"Bitcoin Up or Down - March 21, 2:25PM-2:30PM ET"
1774117651,2026-03-21 18:27:31,,,0.0,587.796194,0.0,"Bitcoin Up or Down - March 21, 2:25PM-2:30PM ET"
1774117653,2026-03-21 18:27:33,BUY,Down,0.11,59.02,6.4922,"Bitcoin Up or Down - March 21, 2:25PM-2:30PM ET"
1774117667,2026-03-21 18:27:47,BUY,Up,0.87,29.77,25.8999,"Bitcoin Up or Down - March 21, 2:25PM-2:30PM ET"
1774117667,2026-03-21 18:27:47,BUY,Up,0.8700001137500297,6.769229,5.88923,"Bitcoin Up or Down - March 21, 2:25PM-2:30PM ET"
1774117669,2026-03-21 18:27:49,BUY,Up,0.87,38.46,33.4602,"Bitcoin Up or Down - March 21, 2:25PM-2:30PM ET"
1774117683,2026-03-21 18:28:03,BUY,Up,0.57,39.0,22.229999999999997,"Ethereum Up or Down - March 21, 2:25PM-2:30PM ET"
1774117683,2026-03-21 18:28:03,BUY,Up,0.86,75.0,64.5,"Bitcoin Up or Down - March 21, 2:25PM-2:30PM ET"
1774117685,2026-03-21 18:28:05,BUY,Up,0.8700000533000048,15.384614,13.384615,"Bitcoin Up or Down - March 21, 2:25PM-2:30PM ET"
1774117685,2026-03-21 18:28:05,BUY,Up,0.87,6.67,5.8029,"Bitcoin Up or Down - March 21, 2:25PM-2:30PM ET"
1774117685,2026-03-21 18:28:05,BUY,Up,0.87,5.0,4.35,"Bitcoin Up or Down - March 21, 2:25PM-2:30PM ET"
1774117685,2026-03-21 18:28:05,BUY,Up,0.87,5.77,5.0199,"Bitcoin Up or Down - March 21, 2:25PM-2:30PM ET"
1774117685,2026-03-21 18:28:05,BUY,Up,0.55,4.0,2.2,"Ethereum Up or Down - March 21, 2:25PM-2:30PM ET"
1774117687,2026-03-21 18:28:07,BUY,Up,0.86,48.5,41.71,"Bitcoin Up or Down - March 21, 2:25PM-2:30PM ET"
1774117687,2026-03-21 18:28:07,BUY,Up,0.86,2.4,2.064,"Bitcoin Up or Down - March 21, 2:25PM-2:30PM ET"
1774117687,2026-03-21 18:28:07,BUY,Up,0.8600000580405923,13.094284,11.261085,"Bitcoin Up or Down - March 21, 2:25PM-2:30PM ET"
1774117687,2026-03-21 18:28:07,BUY,Up,0.87,21.7,18.878999999999998,"Bitcoin Up or Down - March 21, 2:25PM-2:30PM ET"
1774117687,2026-03-21 18:28:07,BUY,Up,0.87,5.0,4.35,"Bitcoin Up or Down - March 21, 2:25PM-2:30PM ET"
1774117687,2026-03-21 18:28:07,BUY,Up,0.8700001014000223,7.692306,6.692307,"Bitcoin Up or Down - March 21, 2:25PM-2:30PM ET"
1774117687,2026-03-21 18:28:07,BUY,Up,0.86,11.0,9.459999999999999,"Bitcoin Up or Down - March 21, 2:25PM-2:30PM ET"
1774117695,2026-03-21 18:28:15,BUY,Up,0.57,25.77,14.688899999999999,"Ethereum Up or Down - March 21, 2:25PM-2:30PM ET"
1774117697,2026-03-21 18:28:17,BUY,Up,0.5700000272233293,13.223952,7.537653000000001,"Ethereum Up or Down - March 21, 2:25PM-2:30PM ET"
1774117699,2026-03-21 18:28:19,BUY,Up,0.8,75.0,60.0,"Bitcoin Up or Down - March 21, 2:25PM-2:30PM ET"
1774117699,2026-03-21 18:28:19,BUY,Up,0.81,75.0,60.75000000000001,"Bitcoin Up or Down - March 21, 2:25PM-2:30PM ET"
1774117701,2026-03-21 18:28:21,BUY,Up,0.8,71.73,57.38400000000001,"Bitcoin Up or Down - March 21, 2:25PM-2:30PM ET"
1774117701,2026-03-21 18:28:21,BUY,Down,0.42,0.1,0.042,"Ethereum Up or Down - March 21, 2:25PM-2:30PM ET"
1774117705,2026-03-21 18:28:25,BUY,Up,0.4600000274909177,5.092591,2.342592,"Ethereum Up or Down - March 21, 2:25PM-2:30PM ET"
1774117705,2026-03-21 18:28:25,BUY,Up,0.46,8.37,3.8501999999999996,"Ethereum Up or Down - March 21, 2:25PM-2:30PM ET"
1774117705,2026-03-21 18:28:25,BUY,Up,0.4600002281109407,0.964443,0.44364400000000004,"Ethereum Up or Down - March 21, 2:25PM-2:30PM ET"
1774117705,2026-03-21 18:28:25,BUY,Up,0.46000000183673484,21.777776,10.017776999999999,"Ethereum Up or Down - March 21, 2:25PM-2:30PM ET"
1774117705,2026-03-21 18:28:25,BUY,Up,0.4600000144000092,2.777776,1.277777,"Ethereum Up or Down - March 21, 2:25PM-2:30PM ET"
1774117707,2026-03-21 18:28:27,BUY,Up,0.44,21.375,9.405,"Ethereum Up or Down - March 21, 2:25PM-2:30PM ET"
1774117707,2026-03-21 18:28:27,BUY,Up,0.460000040408174,10.888886,5.008888,"Ethereum Up or Down - March 21, 2:25PM-2:30PM ET"
1774117709,2026-03-21 18:28:29,BUY,Down,0.4700000137196346,18.950942,8.906943,"Ethereum Up or Down - March 21, 2:25PM-2:30PM ET"
1774117711,2026-03-21 18:28:31,BUY,Up,0.7100001334000721,3.448274,2.448275,"Bitcoin Up or Down - March 21, 2:25PM-2:30PM ET"
1774117711,2026-03-21 18:28:31,BUY,Up,0.71,4.03,2.8613,"Bitcoin Up or Down - March 21, 2:25PM-2:30PM ET"
1774117711,2026-03-21 18:28:31,BUY,Up,0.7100000725000182,6.89655,4.8965510000000005,"Bitcoin Up or Down - March 21, 2:25PM-2:30PM ET"
1774117713,2026-03-21 18:28:33,BUY,Up,0.71,60.62,43.0402,"Bitcoin Up or Down - March 21, 2:25PM-2:30PM ET"
1774117713,2026-03-21 18:28:33,BUY,Up,0.47000000962875255,23.886791,11.226792,"Ethereum Up or Down - March 21, 2:25PM-2:30PM ET"
1774117713,2026-03-21 18:28:33,BUY,Up,0.46,13.965,6.423900000000001,"Ethereum Up or Down - March 21, 2:25PM-2:30PM ET"
1774117713,2026-03-21 18:28:33,BUY,Up,0.47,10.13,4.7611,"Ethereum Up or Down - March 21, 2:25PM-2:30PM ET"
1774117713,2026-03-21 18:28:33,BUY,Up,0.46,6.95,3.197,"Ethereum Up or Down - March 21, 2:25PM-2:30PM ET"
1774117713,2026-03-21 18:28:33,BUY,Up,0.46,5.0,2.3000000000000003,"Ethereum Up or Down - March 21, 2:25PM-2:30PM ET"
1774117713,2026-03-21 18:28:33,BUY,Up,0.4600000321246485,13.074073,6.014074,"Ethereum Up or Down - March 21, 2:25PM-2:30PM ET"
1774117713,2026-03-21 18:28:33,BUY,Up,0.47000002009860375,4.97547,2.3384709999999997,"Ethereum Up or Down - March 21, 2:25PM-2:30PM ET"
1774117723,2026-03-21 18:28:43,BUY,Up,0.58,40.7,23.606,"Bitcoin Up or Down - March 21, 2:25PM-2:30PM ET"
1774117723,2026-03-21 18:28:43,BUY,Up,0.6,1.78,1.068,"Bitcoin Up or Down - March 21, 2:25PM-2:30PM ET"
1774117725,2026-03-21 18:28:45,BUY,Up,0.61,32.53,19.8433,"Bitcoin Up or Down - March 21, 2:25PM-2:30PM ET"
1774117737,2026-03-21 18:28:57,BUY,Up,0.37000004976846507,5.826983,2.155984,"Ethereum Up or Down - March 21, 2:25PM-2:30PM ET"
1774117749,2026-03-21 18:29:09,BUY,Down,0.67,31.69,21.232300000000002,"Ethereum Up or Down - March 21, 2:25PM-2:30PM ET"
1774117751,2026-03-21 18:29:11,BUY,Down,0.6700000780498064,7.303029,4.89303,"Ethereum Up or Down - March 21, 2:25PM-2:30PM ET"
1774117751,2026-03-21 18:29:11,BUY,Down,0.35,73.46,25.710999999999995,"Bitcoin Up or Down - March 21, 2:25PM-2:30PM ET"
1774117751,2026-03-21 18:29:11,BUY,Down,0.35,1.53846,0.538461,"Bitcoin Up or Down - March 21, 2:25PM-2:30PM ET"
1774117753,2026-03-21 18:29:13,BUY,Down,0.36,1.5625,0.5625,"Bitcoin Up or Down - March 21, 2:25PM-2:30PM ET"
1774117753,2026-03-21 18:29:13,BUY,Down,0.36000003366561295,5.94078,2.138681,"Bitcoin Up or Down - March 21, 2:25PM-2:30PM ET"
1774117753,2026-03-21 18:29:13,BUY,Down,0.36,1.5625,0.5625,"Bitcoin Up or Down - March 21, 2:25PM-2:30PM ET"
1774117753,2026-03-21 18:29:13,BUY,Up,0.3000000070000006,14.285713,4.285714,"Ethereum Up or Down - March 21, 2:25PM-2:30PM ET"
1774117753,2026-03-21 18:29:13,BUY,Down,0.36,1.5625,0.5625,"Bitcoin Up or Down - March 21, 2:25PM-2:30PM ET"
1774117753,2026-03-21 18:29:13,BUY,Down,0.36,24.1,8.676,"Bitcoin Up or Down - March 21, 2:25PM-2:30PM ET"
1774117753,2026-03-21 18:29:13,BUY,Down,0.37,75.0,27.75,"Bitcoin Up or Down - March 21, 2:25PM-2:30PM ET"
1774117755,2026-03-21 18:29:15,BUY,Down,0.36,33.69,12.1284,"Bitcoin Up or Down - March 21, 2:25PM-2:30PM ET"
1774117755,2026-03-21 18:29:15,BUY,Down,0.36,6.55,2.3579999999999997,"Bitcoin Up or Down - March 21, 2:25PM-2:30PM ET"
1774117757,2026-03-21 18:29:17,BUY,Down,0.36,55.78,20.0808,"Bitcoin Up or Down - March 21, 2:25PM-2:30PM ET"
1774117757,2026-03-21 18:29:17,BUY,Down,0.36,19.22,6.919199999999999,"Bitcoin Up or Down - March 21, 2:25PM-2:30PM ET"
1774117757,2026-03-21 18:29:17,BUY,Down,0.36,1.5625,0.5625,"Bitcoin Up or Down - March 21, 2:25PM-2:30PM ET"
1774117757,2026-03-21 18:29:17,BUY,Down,0.36,1.5625,0.5625,"Bitcoin Up or Down - March 21, 2:25PM-2:30PM ET"
1774117757,2026-03-21 18:29:17,BUY,Down,0.36,5.0,1.7999999999999998,"Bitcoin Up or Down - March 21, 2:25PM-2:30PM ET"
1774117757,2026-03-21 18:29:17,BUY,Down,0.36,1.5625,0.5625,"Bitcoin Up or Down - March 21, 2:25PM-2:30PM ET"
1774117757,2026-03-21 18:29:17,BUY,Up,0.62,75.0,46.5,"Bitcoin Up or Down - March 21, 2:25PM-2:30PM ET"
1774117759,2026-03-21 18:29:19,BUY,Up,0.6200000258400035,13.157893,8.157894,"Bitcoin Up or Down - March 21, 2:25PM-2:30PM ET"
1774117759,2026-03-21 18:29:19,BUY,Up,0.6200000188741743,15.894735,9.854735999999999,"Bitcoin Up or Down - March 21, 2:25PM-2:30PM ET"
1774117759,2026-03-21 18:29:19,BUY,Up,0.6200002151756192,2.78842,1.728821,"Bitcoin Up or Down - March 21, 2:25PM-2:30PM ET"
1774117759,2026-03-21 18:29:19,BUY,Up,0.6200000301986771,19.86842,12.318421,"Bitcoin Up or Down - March 21, 2:25PM-2:30PM ET"
1774117759,2026-03-21 18:29:19,BUY,Down,0.36,65.29,23.5044,"Bitcoin Up or Down - March 21, 2:25PM-2:30PM ET"
1774117759,2026-03-21 18:29:19,BUY,Up,0.61,74.72,45.5792,"Bitcoin Up or Down - March 21, 2:25PM-2:30PM ET"
1774117759,2026-03-21 18:29:19,BUY,Up,0.62,23.28,14.4336,"Bitcoin Up or Down - March 21, 2:25PM-2:30PM ET"
1774117763,2026-03-21 18:29:23,BUY,Down,0.36,1.5625,0.5625,"Bitcoin Up or Down - March 21, 2:25PM-2:30PM ET"
1774117763,2026-03-21 18:29:23,BUY,Down,0.36,1.5625,0.5625,"Bitcoin Up or Down - March 21, 2:25PM-2:30PM ET"
1774117763,2026-03-21 18:29:23,BUY,Down,0.36,54.46,19.6056,"Bitcoin Up or Down - March 21, 2:25PM-2:30PM ET"
1774117763,2026-03-21 18:29:23,BUY,Down,0.36,1.5625,0.5625,"Bitcoin Up or Down - March 21, 2:25PM-2:30PM ET"
1774117763,2026-03-21 18:29:23,BUY,Down,0.36,0.2,0.072,"Bitcoin Up or Down - March 21, 2:25PM-2:30PM ET"
1774117763,2026-03-21 18:29:23,BUY,Down,0.36,15.625,5.625,"Bitcoin Up or Down - March 21, 2:25PM-2:30PM ET"
1774117763,2026-03-21 18:29:23,BUY,Down,0.35000000654801916,45.815382,16.035384,"Bitcoin Up or Down - March 21, 2:25PM-2:30PM ET"
1774117763,2026-03-21 18:29:23,BUY,Down,0.35,1.53846,0.538461,"Bitcoin Up or Down - March 21, 2:25PM-2:30PM ET"
1774117763,2026-03-21 18:29:23,BUY,Down,0.35000001791620877,13.953845,4.883846,"Bitcoin Up or Down - March 21, 2:25PM-2:30PM ET"
1774117763,2026-03-21 18:29:23,BUY,Down,0.35,3.05,1.0675,"Bitcoin Up or Down - March 21, 2:25PM-2:30PM ET"
1774117765,2026-03-21 18:29:25,BUY,Down,0.35,10.63,3.7205,"Bitcoin Up or Down - March 21, 2:25PM-2:30PM ET"
1774117767,2026-03-21 18:29:27,BUY,Down,0.34,2.52,0.8568000000000001,"Bitcoin Up or Down - March 21, 2:25PM-2:30PM ET"
1774117767,2026-03-21 18:29:27,BUY,Down,0.34,7.57,2.5738000000000003,"Bitcoin Up or Down - March 21, 2:25PM-2:30PM ET"
1774117767,2026-03-21 18:29:27,BUY,Up,0.25,26.666664,6.666666,"Ethereum Up or Down - March 21, 2:25PM-2:30PM ET"
1774117767,2026-03-21 18:29:27,BUY,Up,0.25,5.0,1.25,"Ethereum Up or Down - March 21, 2:25PM-2:30PM ET"
1774117769,2026-03-21 18:29:29,BUY,Down,0.34,1.51515,0.515151,"Bitcoin Up or Down - March 21, 2:25PM-2:30PM ET"
1774117769,2026-03-21 18:29:29,BUY,Down,0.3400144023043687,0.008332,0.002833,"Bitcoin Up or Down - March 21, 2:25PM-2:30PM ET"
1774117769,2026-03-21 18:29:29,BUY,Up,0.6300000333208288,14.405404,9.075405,"Bitcoin Up or Down - March 21, 2:25PM-2:30PM ET"
1774117769,2026-03-21 18:29:29,BUY,Down,0.3400001056000359,3.030302,1.030303,"Bitcoin Up or Down - March 21, 2:25PM-2:30PM ET"
1774117769,2026-03-21 18:29:29,BUY,Down,0.34,1.51515,0.515151,"Bitcoin Up or Down - March 21, 2:25PM-2:30PM ET"
1774117769,2026-03-21 18:29:29,BUY,Down,0.34,1.51515,0.515151,"Bitcoin Up or Down - March 21, 2:25PM-2:30PM ET"
1774117769,2026-03-21 18:29:29,BUY,Down,0.34,1.51515,0.515151,"Bitcoin Up or Down - March 21, 2:25PM-2:30PM ET"
1774117769,2026-03-21 18:29:29,BUY,Down,0.34000047049844084,0.382573,0.130075,"Bitcoin Up or Down - March 21, 2:25PM-2:30PM ET"
1774117769,2026-03-21 18:29:29,BUY,Down,0.34,40.23,13.6782,"Bitcoin Up or Down - March 21, 2:25PM-2:30PM ET"
1774117769,2026-03-21 18:29:29,BUY,Down,0.3400000158400012,15.151514,5.151515000000001,"Bitcoin Up or Down - March 21, 2:25PM-2:30PM ET"
1774117769,2026-03-21 18:29:29,BUY,Up,0.6300000407098592,7.614863,4.797364,"Bitcoin Up or Down - March 21, 2:25PM-2:30PM ET"
1774117771,2026-03-21 18:29:31,BUY,Up,0.69,9.68,6.679199999999999,"Bitcoin Up or Down - March 21, 2:25PM-2:30PM ET"
1774117771,2026-03-21 18:29:31,BUY,Up,0.63,52.97,33.3711,"Bitcoin Up or Down - March 21, 2:25PM-2:30PM ET"
1774117771,2026-03-21 18:29:31,BUY,Up,0.64,75.0,48.0,"Bitcoin Up or Down - March 21, 2:25PM-2:30PM ET"
1774117773,2026-03-21 18:29:33,BUY,Up,0.71,75.0,53.25,"Bitcoin Up or Down - March 21, 2:25PM-2:30PM ET"
1774117773,2026-03-21 18:29:33,BUY,Up,0.72,75.0,54.0,"Bitcoin Up or Down - March 21, 2:25PM-2:30PM ET"
1774117777,2026-03-21 18:29:37,BUY,Down,0.23,30.79,7.0817000000000005,"Bitcoin Up or Down - March 21, 2:25PM-2:30PM ET"
1774117777,2026-03-21 18:29:37,BUY,Down,0.66,12.8,8.448,"Ethereum Up or Down - March 21, 2:25PM-2:30PM ET"
1774117777,2026-03-21 18:29:37,BUY,Down,0.23,3.8961,0.8961030000000001,"Bitcoin Up or Down - March 21, 2:25PM-2:30PM ET"
1774117777,2026-03-21 18:29:37,BUY,Down,0.64,2.29,1.4656,"Ethereum Up or Down - March 21, 2:25PM-2:30PM ET"
1774117777,2026-03-21 18:29:37,BUY,Down,0.66,12.8,8.448,"Ethereum Up or Down - March 21, 2:25PM-2:30PM ET"
1774117777,2026-03-21 18:29:37,BUY,Down,0.23,1.2987,0.298701,"Bitcoin Up or Down - March 21, 2:25PM-2:30PM ET"
1774117777,2026-03-21 18:29:37,BUY,Down,0.23000000153808775,39.009478,8.97218,"Bitcoin Up or Down - March 21, 2:25PM-2:30PM ET"
1774117779,2026-03-21 18:29:39,BUY,Down,0.22000000505247116,3.958459,0.870861,"Bitcoin Up or Down - March 21, 2:25PM-2:30PM ET"
1774117779,2026-03-21 18:29:39,BUY,Down,0.66,0.4,0.264,"Ethereum Up or Down - March 21, 2:25PM-2:30PM ET"
1774117779,2026-03-21 18:29:39,BUY,Down,0.66,12.4,8.184000000000001,"Ethereum Up or Down - March 21, 2:25PM-2:30PM ET"
1774117779,2026-03-21 18:29:39,BUY,Down,0.22,75.0,16.5,"Bitcoin Up or Down - March 21, 2:25PM-2:30PM ET"
1774117779,2026-03-21 18:29:39,BUY,Down,0.66,0.6,0.396,"Ethereum Up or Down - March 21, 2:25PM-2:30PM ET"
1774117779,2026-03-21 18:29:39,BUY,Down,0.2,1.25,0.25,"Bitcoin Up or Down - March 21, 2:25PM-2:30PM ET"
1774117779,2026-03-21 18:29:39,BUY,Down,0.19,5.24,0.9956,"Bitcoin Up or Down - March 21, 2:25PM-2:30PM ET"
1774117779,2026-03-21 18:29:39,BUY,Down,0.2,75.0,15.0,"Bitcoin Up or Down - March 21, 2:25PM-2:30PM ET"
1774117779,2026-03-21 18:29:39,BUY,Down,0.22,17.23,3.7906,"Bitcoin Up or Down - March 21, 2:25PM-2:30PM ET"
1774117779,2026-03-21 18:29:39,BUY,Down,0.22000001591838325,2.512818,0.55282,"Bitcoin Up or Down - March 21, 2:25PM-2:30PM ET"
1774117779,2026-03-21 18:29:39,BUY,Down,0.22,1.28205,0.282051,"Bitcoin Up or Down - March 21, 2:25PM-2:30PM ET"
1774117779,2026-03-21 18:29:39,BUY,Down,0.22,50.0,11.0,"Bitcoin Up or Down - March 21, 2:25PM-2:30PM ET"
1774117781,2026-03-21 18:29:41,BUY,Down,0.19,69.76,13.2544,"Bitcoin Up or Down - March 21, 2:25PM-2:30PM ET"
1774117781,2026-03-21 18:29:41,BUY,Down,0.2,48.4,9.68,"Bitcoin Up or Down - March 21, 2:25PM-2:30PM ET"
1774117781,2026-03-21 18:29:41,BUY,Up,0.8,31.0,24.8,"Bitcoin Up or Down - March 21, 2:25PM-2:30PM ET"
1774117783,2026-03-21 18:29:43,BUY,Up,0.81,70.0,56.7,"Bitcoin Up or Down - March 21, 2:25PM-2:30PM ET"
1774117783,2026-03-21 18:29:43,BUY,Up,0.81,5.0,4.050000000000001,"Bitcoin Up or Down - March 21, 2:25PM-2:30PM ET"
1774117783,2026-03-21 18:29:43,BUY,Up,0.82,16.0,13.12,"Bitcoin Up or Down - March 21, 2:25PM-2:30PM ET"
1774117783,2026-03-21 18:29:43,BUY,Down,0.15,75.0,11.25,"Bitcoin Up or Down - March 21, 2:25PM-2:30PM ET"
1774117783,2026-03-21 18:29:43,BUY,Up,0.81,1.37,1.1097000000000001,"Bitcoin Up or Down - March 21, 2:25PM-2:30PM ET"
1774117783,2026-03-21 18:29:43,BUY,Up,0.81,73.63,59.6403,"Bitcoin Up or Down - March 21, 2:25PM-2:30PM ET"
1774117783,2026-03-21 18:29:43,BUY,Up,0.36,25.28,9.1008,"Ethereum Up or Down - March 21, 2:25PM-2:30PM ET"
1774117785,2026-03-21 18:29:45,BUY,Down,0.1400000344000502,2.325578,0.325581,"Bitcoin Up or Down - March 21, 2:25PM-2:30PM ET"
1774117785,2026-03-21 18:29:45,BUY,Down,0.1400000860004214,1.162785,0.16279,"Bitcoin Up or Down - March 21, 2:25PM-2:30PM ET"
1774117785,2026-03-21 18:29:45,BUY,Down,0.14,4.51,0.6314000000000001,"Bitcoin Up or Down - March 21, 2:25PM-2:30PM ET"
1774117785,2026-03-21 18:29:45,BUY,Down,0.1400000860004214,1.162785,0.16279,"Bitcoin Up or Down - March 21, 2:25PM-2:30PM ET"
1774117785,2026-03-21 18:29:45,BUY,Down,0.14,5.1,0.714,"Bitcoin Up or Down - March 21, 2:25PM-2:30PM ET"
1774117785,2026-03-21 18:29:45,BUY,Down,0.14,11.6279,1.6279060000000003,"Bitcoin Up or Down - March 21, 2:25PM-2:30PM ET"
1774117785,2026-03-21 18:29:45,BUY,Down,0.14,5.81395,0.8139530000000001,"Bitcoin Up or Down - March 21, 2:25PM-2:30PM ET"
1774117785,2026-03-21 18:29:45,BUY,Down,0.14000001720000538,3.488371,0.4883719999999999,"Bitcoin Up or Down - March 21, 2:25PM-2:30PM ET"
1774117787,2026-03-21 18:29:47,BUY,Down,0.13,4.69,0.6097,"Bitcoin Up or Down - March 21, 2:25PM-2:30PM ET"
1774117787,2026-03-21 18:29:47,BUY,Down,0.1300000133163535,2.252869,0.292873,"Bitcoin Up or Down - March 21, 2:25PM-2:30PM ET"
1774117787,2026-03-21 18:29:47,BUY,Down,0.19,3.41,0.6479,"Bitcoin Up or Down - March 21, 2:25PM-2:30PM ET"
1774117787,2026-03-21 18:29:47,BUY,Down,0.19,3.7037,0.703703,"Bitcoin Up or Down - March 21, 2:25PM-2:30PM ET"
1774117787,2026-03-21 18:29:47,BUY,Down,0.19,29.06,5.5214,"Bitcoin Up or Down - March 21, 2:25PM-2:30PM ET"
1774117787,2026-03-21 18:29:47,BUY,Down,0.19000002592001472,6.172836,1.172839,"Bitcoin Up or Down - March 21, 2:25PM-2:30PM ET"
1774117789,2026-03-21 18:29:49,BUY,Down,0.92,3.63,3.3396,"Ethereum Up or Down - March 21, 2:25PM-2:30PM ET"
1774117789,2026-03-21 18:29:49,BUY,Down,0.19000003013956882,5.308636,1.0086410000000001,"Bitcoin Up or Down - March 21, 2:25PM-2:30PM ET"
1774117789,2026-03-21 18:29:49,BUY,Down,0.19,5.0,0.95,"Bitcoin Up or Down - March 21, 2:25PM-2:30PM ET"
1774117789,2026-03-21 18:29:49,BUY,Down,0.96,39.0,37.44,"Ethereum Up or Down - March 21, 2:25PM-2:30PM ET"
1774117789,2026-03-21 18:29:49,BUY,Down,0.16,38.75,6.2,"Bitcoin Up or Down - March 21, 2:25PM-2:30PM ET"
1774117789,2026-03-21 18:29:49,BUY,Down,0.19,32.66,6.205399999999999,"Bitcoin Up or Down - March 21, 2:25PM-2:30PM ET"
1774117789,2026-03-21 18:29:49,BUY,Down,0.94,39.0,36.66,"Ethereum Up or Down - March 21, 2:25PM-2:30PM ET"
1774117789,2026-03-21 18:29:49,BUY,Down,0.2,75.0,15.0,"Bitcoin Up or Down - March 21, 2:25PM-2:30PM ET"
1774117789,2026-03-21 18:29:49,BUY,Down,0.21,10.0,2.1,"Bitcoin Up or Down - March 21, 2:25PM-2:30PM ET"
1774117789,2026-03-21 18:29:49,BUY,Down,0.19000007689882423,1.950615,0.37061700000000003,"Bitcoin Up or Down - March 21, 2:25PM-2:30PM ET"
1774117793,2026-03-21 18:29:53,BUY,Up,0.76,0.17,0.1292,"Bitcoin Up or Down - March 21, 2:25PM-2:30PM ET"
1774117793,2026-03-21 18:29:53,BUY,Up,0.7300000110882299,62.228147,45.426548,"Bitcoin Up or Down - March 21, 2:25PM-2:30PM ET"
1774117793,2026-03-21 18:29:53,BUY,Down,0.2,21.8,4.36,"Bitcoin Up or Down - March 21, 2:25PM-2:30PM ET"
1774117793,2026-03-21 18:29:53,BUY,Down,0.21000009875015224,1.518985,0.318987,"Bitcoin Up or Down - March 21, 2:25PM-2:30PM ET"
1774117793,2026-03-21 18:29:53,BUY,Down,0.2,6.25,1.25,"Bitcoin Up or Down - March 21, 2:25PM-2:30PM ET"
1774117793,2026-03-21 18:29:53,BUY,Up,0.7800001452000493,4.545453,3.545454,"Bitcoin Up or Down - March 21, 2:25PM-2:30PM ET"
1774117793,2026-03-21 18:29:53,BUY,Down,0.2,3.125,0.625,"Bitcoin Up or Down - March 21, 2:25PM-2:30PM ET"
1774117793,2026-03-21 18:29:53,BUY,Up,0.74,18.82,13.9268,"Bitcoin Up or Down - March 21, 2:25PM-2:30PM ET"
1774117793,2026-03-21 18:29:53,BUY,Up,0.75,75.0,56.25,"Bitcoin Up or Down - March 21, 2:25PM-2:30PM ET"
1774117793,2026-03-21 18:29:53,BUY,Up,0.77,75.0,57.75,"Bitcoin Up or Down - March 21, 2:25PM-2:30PM ET"
1774117793,2026-03-21 18:29:53,BUY,Down,0.2,12.45,2.49,"Bitcoin Up or Down - March 21, 2:25PM-2:30PM ET"
1774117793,2026-03-21 18:29:53,BUY,Down,0.2,25.04,5.008,"Bitcoin Up or Down - March 21, 2:25PM-2:30PM ET"
1774117793,2026-03-21 18:29:53,BUY,Up,0.7600000368397318,18.458332,14.028333,"Bitcoin Up or Down - March 21, 2:25PM-2:30PM ET"
1774117793,2026-03-21 18:29:53,BUY,Down,0.9700000356250023,26.666665,25.866666,"Ethereum Up or Down - March 21, 2:25PM-2:30PM ET"
1774117793,2026-03-21 18:29:53,BUY,Up,0.7600000151672867,44.833332,34.073333,"Bitcoin Up or Down - March 21, 2:25PM-2:30PM ET"
1774117793,2026-03-21 18:29:53,BUY,Up,0.76,4.625,3.515,"Bitcoin Up or Down - March 21, 2:25PM-2:30PM ET"
1774117793,2026-03-21 18:29:53,BUY,Up,0.74,56.18,41.5732,"Bitcoin Up or Down - March 21, 2:25PM-2:30PM ET"
1774117793,2026-03-21 18:29:53,BUY,Up,0.7600001440000576,4.166665,3.1666659999999998,"Bitcoin Up or Down - March 21, 2:25PM-2:30PM ET"
1774117795,2026-03-21 18:29:55,BUY,Down,0.2,2.5,0.5,"Bitcoin Up or Down - March 21, 2:25PM-2:30PM ET"
1774117795,2026-03-21 18:29:55,BUY,Down,0.2,5.0,1.0,"Bitcoin Up or Down - March 21, 2:25PM-2:30PM ET"
1774117795,2026-03-21 18:29:55,BUY,Down,0.2,5.2875,1.0574999999999999,"Bitcoin Up or Down - March 21, 2:25PM-2:30PM ET"
1774117795,2026-03-21 18:29:55,BUY,Up,0.7800000272800021,22.727271,17.727272,"Bitcoin Up or Down - March 21, 2:25PM-2:30PM ET"
1774117795,2026-03-21 18:29:55,BUY,Down,0.2,5.1,1.02,"Bitcoin Up or Down - March 21, 2:25PM-2:30PM ET"
1774117795,2026-03-21 18:29:55,BUY,Up,0.78,25.0,19.5,"Bitcoin Up or Down - March 21, 2:25PM-2:30PM ET"
1774117795,2026-03-21 18:29:55,BUY,Down,0.18,45.17,8.1306,"Bitcoin Up or Down - March 21, 2:25PM-2:30PM ET"
1774117795,2026-03-21 18:29:55,BUY,Down,0.1800000056725825,17.628655,3.173158,"Bitcoin Up or Down - March 21, 2:25PM-2:30PM ET"
1774117795,2026-03-21 18:29:55,BUY,Down,0.19,5.0,0.95,"Bitcoin Up or Down - March 21, 2:25PM-2:30PM ET"
1774117795,2026-03-21 18:29:55,BUY,Down,0.1800000098400048,12.195116,2.1951210000000003,"Bitcoin Up or Down - March 21, 2:25PM-2:30PM ET"
1774117795,2026-03-21 18:29:55,BUY,Up,0.8,9.0,7.2,"Bitcoin Up or Down - March 21, 2:25PM-2:30PM ET"
1774117795,2026-03-21 18:29:55,BUY,Down,0.19000002254176426,5.323452,1.011456,"Bitcoin Up or Down - March 21, 2:25PM-2:30PM ET"
1774117795,2026-03-21 18:29:55,BUY,Down,0.19000001905883654,5.24691,0.9969129999999999,"Bitcoin Up or Down - March 21, 2:25PM-2:30PM ET"
1774117795,2026-03-21 18:29:55,BUY,Down,0.19,10.0,1.9,"Bitcoin Up or Down - March 21, 2:25PM-2:30PM ET"
1774117795,2026-03-21 18:29:55,BUY,Up,0.7900018637567561,0.380951,0.300952,"Bitcoin Up or Down - March 21, 2:25PM-2:30PM ET"
1774117795,2026-03-21 18:29:55,BUY,Up,0.79,6.75,5.3325000000000005,"Bitcoin Up or Down - March 21, 2:25PM-2:30PM ET"
1774117795,2026-03-21 18:29:55,BUY,Down,0.2,6.25,1.25,"Bitcoin Up or Down - March 21, 2:25PM-2:30PM ET"
1774117795,2026-03-21 18:29:55,BUY,Down,0.19000002430009647,1.234563,0.234567,"Bitcoin Up or Down - March 21, 2:25PM-2:30PM ET"
1774117795,2026-03-21 18:29:55,BUY,Down,0.2,7.23,1.4460000000000002,"Bitcoin Up or Down - March 21, 2:25PM-2:30PM ET"
1774117797,2026-03-21 18:29:57,BUY,Down,0.15,2.30588,0.345882,"Bitcoin Up or Down - March 21, 2:25PM-2:30PM ET"
1774117797,2026-03-21 18:29:57,BUY,Down,0.16,2.38095,0.380952,"Bitcoin Up or Down - March 21, 2:25PM-2:30PM ET"
1774117797,2026-03-21 18:29:57,BUY,Down,0.16,11.0,1.76,"Bitcoin Up or Down - March 21, 2:25PM-2:30PM ET"
1774117797,2026-03-21 18:29:57,BUY,Down,0.1400000860004214,1.162785,0.16279,"Bitcoin Up or Down - March 21, 2:25PM-2:30PM ET"
1774117797,2026-03-21 18:29:57,BUY,Up,0.8200000121861251,64.007221,52.485922,"Bitcoin Up or Down - March 21, 2:25PM-2:30PM ET"
1774117797,2026-03-21 18:29:57,BUY,Up,0.83,75.0,62.25,"Bitcoin Up or Down - March 21, 2:25PM-2:30PM ET"
1774117797,2026-03-21 18:29:57,BUY,Down,0.14000000086000025,23.255807,3.255813,"Bitcoin Up or Down - March 21, 2:25PM-2:30PM ET"
1774117797,2026-03-21 18:29:57,BUY,Down,0.15,40.0,6.0,"Bitcoin Up or Down - March 21, 2:25PM-2:30PM ET"
1774117797,2026-03-21 18:29:57,BUY,Down,0.16,5.0,0.8,"Bitcoin Up or Down - March 21, 2:25PM-2:30PM ET"
1774117799,2026-03-21 18:29:59,BUY,Down,0.12,2.272725,0.272727,"Bitcoin Up or Down - March 21, 2:25PM-2:30PM ET"
1774117799,2026-03-21 18:29:59,BUY,Down,0.12,8.17045,0.980454,"Bitcoin Up or Down - March 21, 2:25PM-2:30PM ET"
1774117799,2026-03-21 18:29:59,BUY,Down,0.13000000870001732,1.149423,0.14942500000000003,"Bitcoin Up or Down - March 21, 2:25PM-2:30PM ET"
1774117799,2026-03-21 18:29:59,BUY,Down,0.12,7.0,0.84,"Bitcoin Up or Down - March 21, 2:25PM-2:30PM ET"
1774117799,2026-03-21 18:29:59,BUY,Down,0.13000002485719542,1.609192,0.209195,"Bitcoin Up or Down - March 21, 2:25PM-2:30PM ET"
1774117799,2026-03-21 18:29:59,BUY,Down,0.12,23.75,2.85,"Bitcoin Up or Down - March 21, 2:25PM-2:30PM ET"
1774117799,2026-03-21 18:29:59,BUY,Down,0.12000002933340569,1.363633,0.163636,"Bitcoin Up or Down - March 21, 2:25PM-2:30PM ET"
1774117803,2026-03-21 18:30:03,,,0.0,1395.718404,0.0,"Bitcoin Up or Down - March 21, 2:25PM-2:30PM ET"
1774117807,2026-03-21 18:30:07,,,0.0,259.051769,0.0,"Bitcoin Up or Down - March 21, 2:20PM-2:25PM ET"
1774117807,2026-03-21 18:30:07,,,0.0,101.937137,0.0,"Ethereum Up or Down - March 21, 2:20PM-2:25PM ET"
1774117809,2026-03-21 18:30:09,BUY,Up,0.49,5.0,2.45,"Bitcoin Up or Down - March 21, 2:30PM-2:35PM ET"
1774117809,2026-03-21 18:30:09,BUY,Up,0.4900001229465087,2.196077,1.0760779999999999,"Bitcoin Up or Down - March 21, 2:30PM-2:35PM ET"
1774117815,2026-03-21 18:30:15,BUY,Down,0.5100000084756758,56.632652,28.882653,"Bitcoin Up or Down - March 21, 2:30PM-2:35PM ET"
1774117815,2026-03-21 18:30:15,BUY,Up,0.48,64.88,31.142399999999995,"Bitcoin Up or Down - March 21, 2:30PM-2:35PM ET"
1774117815,2026-03-21 18:30:15,BUY,Up,0.48,5.0,2.4,"Bitcoin Up or Down - March 21, 2:30PM-2:35PM ET"
1774117815,2026-03-21 18:30:15,BUY,Up,0.48,5.12,2.4576,"Bitcoin Up or Down - March 21, 2:30PM-2:35PM ET"
1774117815,2026-03-21 18:30:15,BUY,Down,0.51,8.36,4.263599999999999,"Bitcoin Up or Down - March 21, 2:30PM-2:35PM ET"
1774117815,2026-03-21 18:30:15,BUY,Down,0.51,10.0,5.1,"Bitcoin Up or Down - March 21, 2:30PM-2:35PM ET"
1774117817,2026-03-21 18:30:17,BUY,Up,0.48,17.16,8.2368,"Bitcoin Up or Down - March 21, 2:30PM-2:35PM ET"
1774117825,2026-03-21 18:30:25,BUY,Up,0.4700000028494626,21.056602,9.896603,"Bitcoin Up or Down - March 21, 2:30PM-2:35PM ET"
1774117827,2026-03-21 18:30:27,BUY,Up,0.4700000390526424,10.754714,5.054716,"Bitcoin Up or Down - March 21, 2:30PM-2:35PM ET"
1774117827,2026-03-21 18:30:27,BUY,Up,0.4700000031176472,32.07547,15.075471000000002,"Bitcoin Up or Down - March 21, 2:30PM-2:35PM ET"
1774117833,2026-03-21 18:30:33,,,0.0,556.199893,0.0,"Ethereum Up or Down - March 21, 2:25PM-2:30PM ET"
1774117833,2026-03-21 18:30:33,,,0.0,586.921051,0.0,"Bitcoin Up or Down - March 21, 2:25PM-2:30PM ET"
1774117835,2026-03-21 18:30:35,BUY,Up,0.46,75.0,34.5,"Bitcoin Up or Down - March 21, 2:30PM-2:35PM ET"
1774117839,2026-03-21 18:30:39,BUY,Down,0.5200000037432739,53.429165,27.783165999999998,"Bitcoin Up or Down - March 21, 2:30PM-2:35PM ET"
1774117839,2026-03-21 18:30:39,BUY,Down,0.53,75.0,39.75,"Bitcoin Up or Down - March 21, 2:30PM-2:35PM ET"
1774117841,2026-03-21 18:30:41,BUY,Up,0.4500000646732881,5.411817,2.435318,"Bitcoin Up or Down - March 21, 2:30PM-2:35PM ET"
1774117841,2026-03-21 18:30:41,BUY,Down,0.5200000695249534,2.876665,1.495866,"Bitcoin Up or Down - March 21, 2:30PM-2:35PM ET"
1774117841,2026-03-21 18:30:41,BUY,Up,0.45,0.16,0.07200000000000001,"Bitcoin Up or Down - March 21, 2:30PM-2:35PM ET"
1774117841,2026-03-21 18:30:41,BUY,Up,0.45,1.81818,0.8181809999999999,"Bitcoin Up or Down - March 21, 2:30PM-2:35PM ET"
1774117849,2026-03-21 18:30:49,BUY,Up,0.43,5.0,2.15,"Bitcoin Up or Down - March 21, 2:30PM-2:35PM ET"
1774117849,2026-03-21 18:30:49,BUY,Up,0.43,12.2807,5.280701,"Bitcoin Up or Down - March 21, 2:30PM-2:35PM ET"
1774117851,2026-03-21 18:30:51,BUY,Up,0.4300000728709491,5.351927,2.301329,"Bitcoin Up or Down - March 21, 2:30PM-2:35PM ET"
1774117853,2026-03-21 18:30:53,BUY,Up,0.4200000166661548,16.800516,7.056216999999999,"Bitcoin Up or Down - March 21, 2:30PM-2:35PM ET"
1774117855,2026-03-21 18:30:55,BUY,Up,0.4200001740002958,1.724135,0.724137,"Bitcoin Up or Down - March 21, 2:30PM-2:35PM ET"
1774117855,2026-03-21 18:30:55,BUY,Up,0.42,5.0,2.1,"Bitcoin Up or Down - March 21, 2:30PM-2:35PM ET"
1774117855,2026-03-21 18:30:55,BUY,Up,0.4200000203747113,14.724135,6.184137,"Bitcoin Up or Down - March 21, 2:30PM-2:35PM ET"
1774117855,2026-03-21 18:30:55,BUY,Up,0.42,5.0,2.1,"Bitcoin Up or Down - March 21, 2:30PM-2:35PM ET"
1774117855,2026-03-21 18:30:55,BUY,Up,0.42000009860008186,3.448273,1.448275,"Bitcoin Up or Down - March 21, 2:30PM-2:35PM ET"
1774117855,2026-03-21 18:30:55,BUY,Up,0.42,5.0,2.1,"Bitcoin Up or Down - March 21, 2:30PM-2:35PM ET"
1774117855,2026-03-21 18:30:55,BUY,Up,0.42,5.0,2.1,"Bitcoin Up or Down - March 21, 2:30PM-2:35PM ET"
1774117855,2026-03-21 18:30:55,BUY,Down,0.5600000352000042,11.363635,6.363636,"Bitcoin Up or Down - March 21, 2:30PM-2:35PM ET"
1774117855,2026-03-21 18:30:55,BUY,Down,0.5200000120000012,16.666665,8.666666,"Ethereum Up or Down - March 21, 2:30PM-2:35PM ET"
1774117857,2026-03-21 18:30:57,BUY,Down,0.56,57.1,31.976000000000003,"Bitcoin Up or Down - March 21, 2:30PM-2:35PM ET"
1774117857,2026-03-21 18:30:57,BUY,Down,0.56,75.0,42.00000000000001,"Bitcoin Up or Down - March 21, 2:30PM-2:35PM ET"
1774117857,2026-03-21 18:30:57,BUY,Down,0.5600000674564591,6.522726,3.6527269999999996,"Bitcoin Up or Down - March 21, 2:30PM-2:35PM ET"
1774117861,2026-03-21 18:31:01,BUY,Up,0.42,75.0,31.5,"Bitcoin Up or Down - March 21, 2:30PM-2:35PM ET"
1774117869,2026-03-21 18:31:09,BUY,Up,0.41000000116230967,43.017795,17.637296,"Bitcoin Up or Down - March 21, 2:30PM-2:35PM ET"
1774117869,2026-03-21 18:31:09,BUY,Down,0.5200000172800011,20.833332,10.833333,"Ethereum Up or Down - March 21, 2:30PM-2:35PM ET"
1774117871,2026-03-21 18:31:11,BUY,Down,0.57,10.0,5.699999999999999,"Bitcoin Up or Down - March 21, 2:30PM-2:35PM ET"
1774117871,2026-03-21 18:31:11,BUY,Down,0.57,15.0,8.549999999999999,"Bitcoin Up or Down - March 21, 2:30PM-2:35PM ET"
1774117871,2026-03-21 18:31:11,BUY,Down,0.57,3.78,2.1546,"Bitcoin Up or Down - March 21, 2:30PM-2:35PM ET"
1774117871,2026-03-21 18:31:11,BUY,Down,0.5700000125433018,12.755812,7.2708129999999995,"Bitcoin Up or Down - March 21, 2:30PM-2:35PM ET"
1774117873,2026-03-21 18:31:13,BUY,Down,0.5700000068800006,23.255812,13.255813,"Bitcoin Up or Down - March 21, 2:30PM-2:35PM ET"
1774117873,2026-03-21 18:31:13,BUY,Down,0.5700001720001032,2.32558,1.3255810000000001,"Bitcoin Up or Down - March 21, 2:30PM-2:35PM ET"
1774117875,2026-03-21 18:31:15,BUY,Down,0.5700001720001032,2.32558,1.3255810000000001,"Bitcoin Up or Down - March 21, 2:30PM-2:35PM ET"
1774117875,2026-03-21 18:31:15,BUY,Down,0.5700000965678158,5.488371,3.1283719999999997,"Bitcoin Up or Down - March 21, 2:30PM-2:35PM ET"
1774117875,2026-03-21 18:31:15,BUY,Down,0.57,0.05,0.028499999999999998,"Bitcoin Up or Down - March 21, 2:30PM-2:35PM ET"
1774117875,2026-03-21 18:31:15,BUY,Up,0.41000004597405226,5.220336,2.140338,"Bitcoin Up or Down - March 21, 2:30PM-2:35PM ET"
1774117875,2026-03-21 18:31:15,BUY,Up,0.41,10.74,4.4033999999999995,"Bitcoin Up or Down - March 21, 2:30PM-2:35PM ET"
1774117877,2026-03-21 18:31:17,BUY,Up,0.41,59.03,24.202299999999997,"Bitcoin Up or Down - March 21, 2:30PM-2:35PM ET"
1774117895,2026-03-21 18:31:35,BUY,Up,0.5,0.5,0.25,"Ethereum Up or Down - March 21, 2:30PM-2:35PM ET"
1774117895,2026-03-21 18:31:35,BUY,Up,0.5,5.0,2.5,"Ethereum Up or Down - March 21, 2:30PM-2:35PM ET"
1774117899,2026-03-21 18:31:39,BUY,Down,0.56,10.0,5.6000000000000005,"Bitcoin Up or Down - March 21, 2:30PM-2:35PM ET"
1774117899,2026-03-21 18:31:39,BUY,Down,0.56,50.05,28.028000000000002,"Bitcoin Up or Down - March 21, 2:30PM-2:35PM ET"
1774117899,2026-03-21 18:31:39,BUY,Up,0.5,5.0,2.5,"Ethereum Up or Down - March 21, 2:30PM-2:35PM ET"
1774117899,2026-03-21 18:31:39,BUY,Down,0.5600000162852403,14.737271,8.252872,"Bitcoin Up or Down - March 21, 2:30PM-2:35PM ET"
1774117899,2026-03-21 18:31:39,BUY,Down,0.56,0.21,0.11760000000000001,"Bitcoin Up or Down - March 21, 2:30PM-2:35PM ET"
1774117911,2026-03-21 18:31:51,BUY,Up,0.42000003864094637,1.552757,0.6521579999999999,"Bitcoin Up or Down - March 21, 2:30PM-2:35PM ET"
1774117913,2026-03-21 18:31:53,BUY,Up,0.4200001740002958,1.724135,0.724137,"Bitcoin Up or Down - March 21, 2:30PM-2:35PM ET"
1774117913,2026-03-21 18:31:53,BUY,Up,0.4200001740002958,1.724135,0.724137,"Bitcoin Up or Down - March 21, 2:30PM-2:35PM ET"
1774117923,2026-03-21 18:32:03,,,0.0,506.263269,0.0,"Bitcoin Up or Down - March 21, 2:30PM-2:35PM ET"
1774117931,2026-03-21 18:32:11,BUY,Up,0.42,75.0,31.5,"Bitcoin Up or Down - March 21, 2:30PM-2:35PM ET"
1774117937,2026-03-21 18:32:17,BUY,Up,0.51,10.49,5.3499,"Ethereum Up or Down - March 21, 2:30PM-2:35PM ET"
1774117937,2026-03-21 18:32:17,BUY,Down,0.5500012000048,0.333332,0.183333,"Bitcoin Up or Down - March 21, 2:30PM-2:35PM ET"
1774117937,2026-03-21 18:32:17,BUY,Down,0.55,15.0,8.25,"Bitcoin Up or Down - March 21, 2:30PM-2:35PM ET"
1774117937,2026-03-21 18:32:17,BUY,Down,0.55,7.99,4.394500000000001,"Bitcoin Up or Down - March 21, 2:30PM-2:35PM ET"
1774117939,2026-03-21 18:32:19,BUY,Down,0.55000003068183,4.888887,2.688888,"Bitcoin Up or Down - March 21, 2:30PM-2:35PM ET"
1774117947,2026-03-21 18:32:27,BUY,Up,0.41,75.0,30.749999999999996,"Bitcoin Up or Down - March 21, 2:30PM-2:35PM ET"
1774117983,2026-03-21 18:33:03,BUY,Down,0.59,5.0,2.9499999999999997,"Bitcoin Up or Down - March 21, 2:30PM-2:35PM ET"
1774117983,2026-03-21 18:33:03,BUY,Down,0.59,5.0,2.9499999999999997,"Bitcoin Up or Down - March 21, 2:30PM-2:35PM ET"
1774117983,2026-03-21 18:33:03,BUY,Down,0.59,75.0,44.25,"Bitcoin Up or Down - March 21, 2:30PM-2:35PM ET"
1774117985,2026-03-21 18:33:05,BUY,Down,0.5900000615615708,8.12195,4.791951,"Bitcoin Up or Down - March 21, 2:30PM-2:35PM ET"
1774117985,2026-03-21 18:33:05,BUY,Down,0.59,21.0,12.389999999999999,"Bitcoin Up or Down - March 21, 2:30PM-2:35PM ET"
1774117985,2026-03-21 18:33:05,BUY,Down,0.59,5.0,2.9499999999999997,"Bitcoin Up or Down - March 21, 2:30PM-2:35PM ET"
1774117985,2026-03-21 18:33:05,BUY,Up,0.57,31.01,17.6757,"Ethereum Up or Down - March 21, 2:30PM-2:35PM ET"
1774117985,2026-03-21 18:33:05,BUY,Down,0.59,7.87,4.6433,"Bitcoin Up or Down - March 21, 2:30PM-2:35PM ET"
1774117985,2026-03-21 18:33:05,BUY,Down,0.59,5.0,2.9499999999999997,"Bitcoin Up or Down - March 21, 2:30PM-2:35PM ET"
1774117985,2026-03-21 18:33:05,BUY,Down,0.59,8.0,4.72,"Bitcoin Up or Down - March 21, 2:30PM-2:35PM ET"
1774117985,2026-03-21 18:33:05,BUY,Down,0.59,5.0,2.9499999999999997,"Bitcoin Up or Down - March 21, 2:30PM-2:35PM ET"
1774117985,2026-03-21 18:33:05,BUY,Down,0.59,5.0,2.9499999999999997,"Bitcoin Up or Down - March 21, 2:30PM-2:35PM ET"
1774117991,2026-03-21 18:33:11,BUY,Down,0.58,75.0,43.5,"Bitcoin Up or Down - March 21, 2:30PM-2:35PM ET"
1774117995,2026-03-21 18:33:15,BUY,Up,0.4,75.0,30.0,"Bitcoin Up or Down - March 21, 2:30PM-2:35PM ET"
1774117995,2026-03-21 18:33:15,BUY,Down,0.57,57.11,32.552699999999994,"Bitcoin Up or Down - March 21, 2:30PM-2:35PM ET"
1774117995,2026-03-21 18:33:15,BUY,Down,0.57,17.89,10.1973,"Bitcoin Up or Down - March 21, 2:30PM-2:35PM ET"
1774117997,2026-03-21 18:33:17,BUY,Down,0.24,1.03,0.2472,"Ethereum Up or Down - March 21, 2:30PM-2:35PM ET"
1774117997,2026-03-21 18:33:17,BUY,Down,0.24,20.0,4.8,"Ethereum Up or Down - March 21, 2:30PM-2:35PM ET"
1774117999,2026-03-21 18:33:19,BUY,Down,0.24000000432777296,9.242629,2.2182310000000003,"Ethereum Up or Down - March 21, 2:30PM-2:35PM ET"
1774117999,2026-03-21 18:33:19,BUY,Down,0.24,8.710525,2.090526,"Ethereum Up or Down - March 21, 2:30PM-2:35PM ET"
1774118003,2026-03-21 18:33:23,BUY,Down,0.27,10.1,2.727,"Bitcoin Up or Down - March 21, 2:30PM-2:35PM ET"
1774118003,2026-03-21 18:33:23,BUY,Down,0.27,0.13,0.035100000000000006,"Bitcoin Up or Down - March 21, 2:30PM-2:35PM ET"
1774118003,2026-03-21 18:33:23,BUY,Down,0.27,10.1,2.727,"Bitcoin Up or Down - March 21, 2:30PM-2:35PM ET"
1774118003,2026-03-21 18:33:23,BUY,Down,0.27000007117792346,3.512325,0.9483280000000001,"Bitcoin Up or Down - March 21, 2:30PM-2:35PM ET"
1774118003,2026-03-21 18:33:23,BUY,Down,0.27,10.1,2.727,"Bitcoin Up or Down - March 21, 2:30PM-2:35PM ET"
1774118003,2026-03-21 18:33:23,BUY,Down,0.27,6.56,1.7712,"Bitcoin Up or Down - March 21, 2:30PM-2:35PM ET"
1774118003,2026-03-21 18:33:23,BUY,Down,0.27,3.05,0.8235,"Bitcoin Up or Down - March 21, 2:30PM-2:35PM ET"
1774118003,2026-03-21 18:33:23,BUY,Down,0.27000001137662466,10.547944,2.8479449999999997,"Bitcoin Up or Down - March 21, 2:30PM-2:35PM ET"
1774118003,2026-03-21 18:33:23,BUY,Down,0.27,5.5,1.485,"Bitcoin Up or Down - March 21, 2:30PM-2:35PM ET"
1774118003,2026-03-21 18:33:23,BUY,Down,0.2700000094805229,7.383559,1.9935610000000001,"Bitcoin Up or Down - March 21, 2:30PM-2:35PM ET"
1774118003,2026-03-21 18:33:23,BUY,Down,0.27,8.0,2.16,"Bitcoin Up or Down - March 21, 2:30PM-2:35PM ET"
1774118005,2026-03-21 18:33:25,BUY,Down,0.26,19.61,5.0986,"Bitcoin Up or Down - March 21, 2:30PM-2:35PM ET"
1774118005,2026-03-21 18:33:25,BUY,Down,0.26,25.51,6.632600000000001,"Bitcoin Up or Down - March 21, 2:30PM-2:35PM ET"
1774118005,2026-03-21 18:33:25,BUY,Down,0.27,1.83,0.49410000000000004,"Bitcoin Up or Down - March 21, 2:30PM-2:35PM ET"
1774118005,2026-03-21 18:33:25,BUY,Down,0.27000002772153897,5.410955,1.460958,"Bitcoin Up or Down - March 21, 2:30PM-2:35PM ET"
1774118005,2026-03-21 18:33:25,BUY,Down,0.27,10.0,2.7,"Bitcoin Up or Down - March 21, 2:30PM-2:35PM ET"
1774118005,2026-03-21 18:33:25,BUY,Down,0.27,1.72,0.46440000000000003,"Bitcoin Up or Down - March 21, 2:30PM-2:35PM ET"
1774118005,2026-03-21 18:33:25,BUY,Down,0.27,5.0,1.35,"Bitcoin Up or Down - March 21, 2:30PM-2:35PM ET"
1774118005,2026-03-21 18:33:25,BUY,Down,0.27,10.0,2.7,"Bitcoin Up or Down - March 21, 2:30PM-2:35PM ET"
1774118005,2026-03-21 18:33:25,BUY,Down,0.2700000912500342,2.739725,0.739726,"Bitcoin Up or Down - March 21, 2:30PM-2:35PM ET"
1774118005,2026-03-21 18:33:25,BUY,Down,0.27000001241000104,13.698629,3.69863,"Bitcoin Up or Down - March 21, 2:30PM-2:35PM ET"
1774118005,2026-03-21 18:33:25,BUY,Down,0.27,5.0,1.35,"Bitcoin Up or Down - March 21, 2:30PM-2:35PM ET"
1774118007,2026-03-21 18:33:27,BUY,Up,0.72,10.28,7.401599999999999,"Bitcoin Up or Down - March 21, 2:30PM-2:35PM ET"
1774118007,2026-03-21 18:33:27,BUY,Up,0.720000194782685,3.285713,2.365714,"Bitcoin Up or Down - March 21, 2:30PM-2:35PM ET"
1774118007,2026-03-21 18:33:27,BUY,Up,0.720000009767442,61.42857,44.228570999999995,"Bitcoin Up or Down - March 21, 2:30PM-2:35PM ET"
1774118009,2026-03-21 18:33:29,BUY,Up,0.7200000633043611,8.214284,5.914285,"Bitcoin Up or Down - March 21, 2:30PM-2:35PM ET"
1774118009,2026-03-21 18:33:29,BUY,Up,0.72,5.2,3.7439999999999998,"Bitcoin Up or Down - March 21, 2:30PM-2:35PM ET"
1774118009,2026-03-21 18:33:29,BUY,Down,0.24,74.99,17.9976,"Bitcoin Up or Down - March 21, 2:30PM-2:35PM ET"
1774118009,2026-03-21 18:33:29,BUY,Up,0.7100002507455356,2.313102,1.642303,"Bitcoin Up or Down - March 21, 2:30PM-2:35PM ET"
1774118011,2026-03-21 18:33:31,BUY,Up,0.72,61.58,44.337599999999995,"Bitcoin Up or Down - March 21, 2:30PM-2:35PM ET"
1774118015,2026-03-21 18:33:35,BUY,Up,0.73,19.85,14.4905,"Bitcoin Up or Down - March 21, 2:30PM-2:35PM ET"
1774118015,2026-03-21 18:33:35,BUY,Up,0.73,55.15,40.259499999999996,"Bitcoin Up or Down - March 21, 2:30PM-2:35PM ET"
1774118017,2026-03-21 18:33:37,BUY,Up,0.74,64.44,47.6856,"Bitcoin Up or Down - March 21, 2:30PM-2:35PM ET"
1774118017,2026-03-21 18:33:37,BUY,Up,0.74,6.02,4.4548,"Bitcoin Up or Down - March 21, 2:30PM-2:35PM ET"
1774118017,2026-03-21 18:33:37,BUY,Up,0.7400001322034346,4.53846,3.3584609999999997,"Bitcoin Up or Down - March 21, 2:30PM-2:35PM ET"
1774118023,2026-03-21 18:33:43,BUY,Down,0.15,75.0,11.25,"Bitcoin Up or Down - March 21, 2:30PM-2:35PM ET"
1774118023,2026-03-21 18:33:43,BUY,Down,0.16,23.48,3.7568,"Bitcoin Up or Down - March 21, 2:30PM-2:35PM ET"
1774118023,2026-03-21 18:33:43,BUY,Down,0.16,2.03,0.3248,"Bitcoin Up or Down - March 21, 2:30PM-2:35PM ET"
1774118023,2026-03-21 18:33:43,BUY,Down,0.16,5.88,0.9408,"Bitcoin Up or Down - March 21, 2:30PM-2:35PM ET"
1774118023,2026-03-21 18:33:43,BUY,Down,0.16,1.190475,0.190476,"Bitcoin Up or Down - March 21, 2:30PM-2:35PM ET"
1774118023,2026-03-21 18:33:43,BUY,Down,0.16,40.0,6.4,"Bitcoin Up or Down - March 21, 2:30PM-2:35PM ET"
1774118023,2026-03-21 18:33:43,BUY,Down,0.16,1.190475,0.190476,"Bitcoin Up or Down - March 21, 2:30PM-2:35PM ET"
1774118025,2026-03-21 18:33:45,BUY,Down,0.15,6.0,0.8999999999999999,"Bitcoin Up or Down - March 21, 2:30PM-2:35PM ET"
1774118025,2026-03-21 18:33:45,BUY,Down,0.14,11.6279,1.6279060000000003,"Bitcoin Up or Down - March 21, 2:30PM-2:35PM ET"
1774118025,2026-03-21 18:33:45,BUY,Down,0.1400000860004214,1.162785,0.16279,"Bitcoin Up or Down - March 21, 2:30PM-2:35PM ET"
1774118025,2026-03-21 18:33:45,BUY,Down,0.14,5.0,0.7000000000000001,"Bitcoin Up or Down - March 21, 2:30PM-2:35PM ET"
1774118025,2026-03-21 18:33:45,BUY,Down,0.14,1.67,0.2338,"Bitcoin Up or Down - March 21, 2:30PM-2:35PM ET"
1774118025,2026-03-21 18:33:45,BUY,Down,0.14,5.0,0.7000000000000001,"Bitcoin Up or Down - March 21, 2:30PM-2:35PM ET"
1774118025,2026-03-21 18:33:45,BUY,Down,0.15,5.61,0.8415,"Bitcoin Up or Down - March 21, 2:30PM-2:35PM ET"
1774118025,2026-03-21 18:33:45,BUY,Down,0.15,3.0,0.44999999999999996,"Bitcoin Up or Down - March 21, 2:30PM-2:35PM ET"
1774118025,2026-03-21 18:33:45,BUY,Down,0.09,5.55,0.49949999999999994,"Ethereum Up or Down - March 21, 2:30PM-2:35PM ET"
1774118025,2026-03-21 18:33:45,BUY,Down,0.14,25.75,3.6050000000000004,"Bitcoin Up or Down - March 21, 2:30PM-2:35PM ET"
1774118025,2026-03-21 18:33:45,BUY,Down,0.14,23.26,3.2564000000000006,"Bitcoin Up or Down - March 21, 2:30PM-2:35PM ET"
1774118025,2026-03-21 18:33:45,BUY,Down,0.14000003969248906,1.511621,0.211627,"Bitcoin Up or Down - March 21, 2:30PM-2:35PM ET"
1774118027,2026-03-21 18:33:47,BUY,Down,0.13,10.0,1.3,"Bitcoin Up or Down - March 21, 2:30PM-2:35PM ET"
1774118027,2026-03-21 18:33:47,BUY,Down,0.13,10.0,1.3,"Bitcoin Up or Down - March 21, 2:30PM-2:35PM ET"
1774118027,2026-03-21 18:33:47,BUY,Down,0.13,41.57,5.404100000000001,"Bitcoin Up or Down - March 21, 2:30PM-2:35PM ET"
1774118033,2026-03-21 18:33:53,BUY,Down,0.08,39.0,3.12,"Ethereum Up or Down - March 21, 2:30PM-2:35PM ET"
1774118033,2026-03-21 18:33:53,BUY,Up,0.86,44.85,38.571,"Bitcoin Up or Down - March 21, 2:30PM-2:35PM ET"
1774118033,2026-03-21 18:33:53,BUY,Up,0.8600000265396567,30.14357,25.923471,"Bitcoin Up or Down - March 21, 2:30PM-2:35PM ET"
1774118039,2026-03-21 18:33:59,BUY,Up,0.89,75.0,66.75,"Bitcoin Up or Down - March 21, 2:30PM-2:35PM ET"
1774118041,2026-03-21 18:34:01,,,0.0,544.008564,0.0,"Bitcoin Up or Down - March 21, 2:30PM-2:35PM ET"
1774118041,2026-03-21 18:34:01,BUY,Down,0.06,36.62,2.1971999999999996,"Bitcoin Up or Down - March 21, 2:30PM-2:35PM ET"
1774118043,2026-03-21 18:34:03,BUY,Up,0.9,7.49,6.7410000000000005,"Bitcoin Up or Down - March 21, 2:30PM-2:35PM ET"
1774118043,2026-03-21 18:34:03,BUY,Up,0.9,1.0,0.9,"Bitcoin Up or Down - March 21, 2:30PM-2:35PM ET"
1774118043,2026-03-21 18:34:03,BUY,Up,0.9,40.0,36.0,"Bitcoin Up or Down - March 21, 2:30PM-2:35PM ET"
1774118043,2026-03-21 18:34:03,BUY,Up,0.9,22.0,19.8,"Bitcoin Up or Down - March 21, 2:30PM-2:35PM ET"
1774118043,2026-03-21 18:34:03,BUY,Up,0.9,4.501,4.0509,"Bitcoin Up or Down - March 21, 2:30PM-2:35PM ET"
1774118043,2026-03-21 18:34:03,BUY,Up,0.89,75.0,66.75,"Bitcoin Up or Down - March 21, 2:30PM-2:35PM ET"
1774118043,2026-03-21 18:34:03,BUY,Up,0.9,35.09,31.581000000000003,"Bitcoin Up or Down - March 21, 2:30PM-2:35PM ET"
1774118043,2026-03-21 18:34:03,BUY,Down,0.06,75.0,4.5,"Bitcoin Up or Down - March 21, 2:30PM-2:35PM ET"
1774118043,2026-03-21 18:34:03,BUY,Up,0.9,30.0,27.0,"Bitcoin Up or Down - March 21, 2:30PM-2:35PM ET"
1774118043,2026-03-21 18:34:03,BUY,Up,0.9,9.91,8.919,"Bitcoin Up or Down - March 21, 2:30PM-2:35PM ET"
1774118045,2026-03-21 18:34:05,BUY,Up,0.89,75.0,66.75,"Bitcoin Up or Down - March 21, 2:30PM-2:35PM ET"
1774118045,2026-03-21 18:34:05,BUY,Down,0.06,39.0,2.34,"Ethereum Up or Down - March 21, 2:30PM-2:35PM ET"
1774118045,2026-03-21 18:34:05,BUY,Down,0.060000037600487305,1.063816,0.06382900000000001,"Bitcoin Up or Down - March 21, 2:30PM-2:35PM ET"
1774118045,2026-03-21 18:34:05,BUY,Down,0.0600000019529852,10.240733,0.614444,"Bitcoin Up or Down - March 21, 2:30PM-2:35PM ET"
1774118045,2026-03-21 18:34:05,BUY,Down,0.06000000290565358,13.766266,0.825976,"Bitcoin Up or Down - March 21, 2:30PM-2:35PM ET"
1774118045,2026-03-21 18:34:05,BUY,Down,0.07,75.0,5.250000000000001,"Bitcoin Up or Down - March 21, 2:30PM-2:35PM ET"
1774118045,2026-03-21 18:34:05,BUY,Down,0.06,49.91,2.9945999999999997,"Bitcoin Up or Down - March 21, 2:30PM-2:35PM ET"
1774118045,2026-03-21 18:34:05,BUY,Up,0.88,75.0,66.0,"Bitcoin Up or Down - March 21, 2:30PM-2:35PM ET"
1774118047,2026-03-21 18:34:07,BUY,Down,0.07,5.32,0.37240000000000006,"Bitcoin Up or Down - March 21, 2:30PM-2:35PM ET"
1774118047,2026-03-21 18:34:07,BUY,Up,0.91,63.55,57.8305,"Bitcoin Up or Down - March 21, 2:30PM-2:35PM ET"
1774118047,2026-03-21 18:34:07,BUY,Down,0.07000000140909102,42.580642,2.980645,"Bitcoin Up or Down - March 21, 2:30PM-2:35PM ET"
1774118047,2026-03-21 18:34:07,BUY,Down,0.07,26.01,1.8207000000000002,"Bitcoin Up or Down - March 21, 2:30PM-2:35PM ET"
1774118047,2026-03-21 18:34:07,BUY,Up,0.91,11.45,10.4195,"Bitcoin Up or Down - March 21, 2:30PM-2:35PM ET"
1774118047,2026-03-21 18:34:07,BUY,Down,0.07000000930010221,1.075257,0.07526799999999999,"Bitcoin Up or Down - March 21, 2:30PM-2:35PM ET"
1774118049,2026-03-21 18:34:09,BUY,Down,0.04,5.208325,0.20833300000000002,"Ethereum Up or Down - March 21, 2:30PM-2:35PM ET"
1774118049,2026-03-21 18:34:09,BUY,Down,0.04,5.0,0.2,"Ethereum Up or Down - March 21, 2:30PM-2:35PM ET"
1774118049,2026-03-21 18:34:09,BUY,Down,0.04,0.05,0.002,"Ethereum Up or Down - March 21, 2:30PM-2:35PM ET"
1774118049,2026-03-21 18:34:09,BUY,Down,0.04,6.0,0.24,"Ethereum Up or Down - March 21, 2:30PM-2:35PM ET"
1774118049,2026-03-21 18:34:09,BUY,Down,0.04,6.0,0.24,"Ethereum Up or Down - March 21, 2:30PM-2:35PM ET"
1774118049,2026-03-21 18:34:09,BUY,Down,0.04,5.0,0.2,"Ethereum Up or Down - March 21, 2:30PM-2:35PM ET"
1774118049,2026-03-21 18:34:09,BUY,Down,0.04,1.74,0.0696,"Ethereum Up or Down - March 21, 2:30PM-2:35PM ET"
1774118049,2026-03-21 18:34:09,BUY,Up,0.89,75.0,66.75,"Bitcoin Up or Down - March 21, 2:30PM-2:35PM ET"
1774118049,2026-03-21 18:34:09,BUY,Up,0.9,75.0,67.5,"Bitcoin Up or Down - March 21, 2:30PM-2:35PM ET"
1774118049,2026-03-21 18:34:09,BUY,Up,0.91,75.0,68.25,"Bitcoin Up or Down - March 21, 2:30PM-2:35PM ET"
1774118049,2026-03-21 18:34:09,BUY,Down,0.04,10.0,0.4,"Ethereum Up or Down - March 21, 2:30PM-2:35PM ET"
1774118051,2026-03-21 18:34:11,BUY,Up,0.89,75.0,66.75,"Bitcoin Up or Down - March 21, 2:30PM-2:35PM ET"
1774118051,2026-03-21 18:34:11,BUY,Down,0.07000000689945267,8.696342,0.608744,"Bitcoin Up or Down - March 21, 2:30PM-2:35PM ET"
1774118051,2026-03-21 18:34:11,BUY,Down,0.07,3.37,0.23590000000000003,"Bitcoin Up or Down - March 21, 2:30PM-2:35PM ET"
1774118051,2026-03-21 18:34:11,BUY,Down,0.07000000063568014,62.924728,4.404731,"Bitcoin Up or Down - March 21, 2:30PM-2:35PM ET"
1774118053,2026-03-21 18:34:13,BUY,Down,0.05,75.0,3.75,"Bitcoin Up or Down - March 21, 2:30PM-2:35PM ET"
1774118053,2026-03-21 18:34:13,BUY,Up,0.89,75.0,66.75,"Bitcoin Up or Down - March 21, 2:30PM-2:35PM ET"
1774118053,2026-03-21 18:34:13,BUY,Up,0.9,75.0,67.5,"Bitcoin Up or Down - March 21, 2:30PM-2:35PM ET"
1774118055,2026-03-21 18:34:15,BUY,Up,0.88,75.0,66.0,"Bitcoin Up or Down - March 21, 2:30PM-2:35PM ET"
1774118055,2026-03-21 18:34:15,BUY,Down,0.05,75.0,3.75,"Bitcoin Up or Down - March 21, 2:30PM-2:35PM ET"
1774118057,2026-03-21 18:34:17,BUY,Down,0.05,75.0,3.75,"Bitcoin Up or Down - March 21, 2:30PM-2:35PM ET"
1774118057,2026-03-21 18:34:17,BUY,Down,0.05,75.0,3.75,"Bitcoin Up or Down - March 21, 2:30PM-2:35PM ET"
1774118059,2026-03-21 18:34:19,BUY,Down,0.05,10.0,0.5,"Bitcoin Up or Down - March 21, 2:30PM-2:35PM ET"
1774118059,2026-03-21 18:34:19,BUY,Up,0.89,5.77,5.1353,"Bitcoin Up or Down - March 21, 2:30PM-2:35PM ET"
1774118059,2026-03-21 18:34:19,BUY,Up,0.91,75.0,68.25,"Bitcoin Up or Down - March 21, 2:30PM-2:35PM ET"
1774118059,2026-03-21 18:34:19,BUY,Down,0.05,8.35,0.4175,"Bitcoin Up or Down - March 21, 2:30PM-2:35PM ET"
1774118059,2026-03-21 18:34:19,BUY,Up,0.89,31.23,27.794700000000002,"Bitcoin Up or Down - March 21, 2:30PM-2:35PM ET"
1774118059,2026-03-21 18:34:19,BUY,Up,0.9,7.0,6.3,"Bitcoin Up or Down - March 21, 2:30PM-2:35PM ET"
1774118059,2026-03-21 18:34:19,BUY,Down,0.05,10.5263,0.5263150000000001,"Bitcoin Up or Down - March 21, 2:30PM-2:35PM ET"
1774118059,2026-03-21 18:34:19,BUY,Down,0.05,25.0,1.25,"Bitcoin Up or Down - March 21, 2:30PM-2:35PM ET"
1774118059,2026-03-21 18:34:19,BUY,Down,0.04,8.523425,0.340937,"Bitcoin Up or Down - March 21, 2:30PM-2:35PM ET"
1774118059,2026-03-21 18:34:19,BUY,Down,0.05,56.65,2.8325,"Bitcoin Up or Down - March 21, 2:30PM-2:35PM ET"
1774118059,2026-03-21 18:34:19,BUY,Down,0.04,8.124475,0.324979,"Bitcoin Up or Down - March 21, 2:30PM-2:35PM ET"
1774118059,2026-03-21 18:34:19,BUY,Down,0.05,4.04,0.202,"Bitcoin Up or Down - March 21, 2:30PM-2:35PM ET"
1774118059,2026-03-21 18:34:19,BUY,Down,0.04,75.0,3.0,"Bitcoin Up or Down - March 21, 2:30PM-2:35PM ET"
1774118059,2026-03-21 18:34:19,BUY,Down,0.05,35.42104,1.771052,"Bitcoin Up or Down - March 21, 2:30PM-2:35PM ET"
1774118059,2026-03-21 18:34:19,BUY,Down,0.04,45.0,1.8,"Bitcoin Up or Down - March 21, 2:30PM-2:35PM ET"
1774118061,2026-03-21 18:34:21,BUY,Up,0.91,75.0,68.25,"Bitcoin Up or Down - March 21, 2:30PM-2:35PM ET"
1774118061,2026-03-21 18:34:21,BUY,Up,0.9,5.0,4.5,"Bitcoin Up or Down - March 21, 2:30PM-2:35PM ET"
1774118063,2026-03-21 18:34:23,BUY,Down,0.07,3.22,0.22540000000000004,"Bitcoin Up or Down - March 21, 2:30PM-2:35PM ET"
1774118063,2026-03-21 18:34:23,BUY,Down,0.07,50.0,3.5000000000000004,"Bitcoin Up or Down - March 21, 2:30PM-2:35PM ET"
1774118063,2026-03-21 18:34:23,BUY,Down,0.07,4.76,0.3332,"Bitcoin Up or Down - March 21, 2:30PM-2:35PM ET"
1774118063,2026-03-21 18:34:23,BUY,Up,0.9,63.0,56.7,"Bitcoin Up or Down - March 21, 2:30PM-2:35PM ET"
1774118063,2026-03-21 18:34:23,BUY,Down,0.07,7.86,0.5502,"Bitcoin Up or Down - March 21, 2:30PM-2:35PM ET"
1774118063,2026-03-21 18:34:23,BUY,Up,0.9,75.0,67.5,"Bitcoin Up or Down - March 21, 2:30PM-2:35PM ET"
1774118063,2026-03-21 18:34:23,BUY,Down,0.07000000259776898,3.849457,0.269462,"Bitcoin Up or Down - March 21, 2:30PM-2:35PM ET"
1774118063,2026-03-21 18:34:23,BUY,Down,0.07,5.31,0.37170000000000003,"Bitcoin Up or Down - March 21, 2:30PM-2:35PM ET"
1774118065,2026-03-21 18:34:25,BUY,Up,0.9,75.0,67.5,"Bitcoin Up or Down - March 21, 2:30PM-2:35PM ET"
1774118065,2026-03-21 18:34:25,BUY,Up,0.8800000480000048,16.666665,14.666665999999998,"Bitcoin Up or Down - March 21, 2:30PM-2:35PM ET"
1774118065,2026-03-21 18:34:25,BUY,Up,0.880000041739134,19.166665,16.866666,"Bitcoin Up or Down - March 21, 2:30PM-2:35PM ET"
1774118065,2026-03-21 18:34:25,BUY,Up,0.89,75.0,66.75,"Bitcoin Up or Down - March 21, 2:30PM-2:35PM ET"
1774118065,2026-03-21 18:34:25,BUY,Up,0.88,14.16,12.4608,"Bitcoin Up or Down - March 21, 2:30PM-2:35PM ET"
1774118065,2026-03-21 18:34:25,BUY,Up,0.88,25.0,22.0,"Bitcoin Up or Down - March 21, 2:30PM-2:35PM ET"
1774118067,2026-03-21 18:34:27,BUY,Up,0.87,0.92,0.8004,"Bitcoin Up or Down - March 21, 2:30PM-2:35PM ET"
1774118067,2026-03-21 18:34:27,BUY,Up,0.87,30.0,26.1,"Bitcoin Up or Down - March 21, 2:30PM-2:35PM ET"
1774118067,2026-03-21 18:34:27,BUY,Up,0.8700000278571448,26.923075,23.423076,"Bitcoin Up or Down - March 21, 2:30PM-2:35PM ET"
1774118073,2026-03-21 18:34:33,,,0.0,1323.98457,0.0,"Bitcoin Up or Down - March 21, 2:30PM-2:35PM ET"
1774118107,2026-03-21 18:35:07,,,0.0,29.271268,0.0,"Ethereum Up or Down - March 21, 2:25PM-2:30PM ET"
1774118107,2026-03-21 18:35:07,,,0.0,16.09497,0.0,"Bitcoin Up or Down - March 21, 2:25PM-2:30PM ET"
1774118109,2026-03-21 18:35:09,BUY,Up,0.52,8.06,4.1912,"Ethereum Up or Down - March 21, 2:35PM-2:40PM ET"
1774118109,2026-03-21 18:35:09,BUY,Down,0.53,2.86,1.5158,"Ethereum Up or Down - March 21, 2:35PM-2:40PM ET"
1774118109,2026-03-21 18:35:09,BUY,Down,0.5300000256363665,12.872339,6.8223400000000005,"Ethereum Up or Down - March 21, 2:35PM-2:40PM ET"
1774118109,2026-03-21 18:35:09,BUY,Up,0.52,30.9375,16.087500000000002,"Ethereum Up or Down - March 21, 2:35PM-2:40PM ET"
1774118109,2026-03-21 18:35:09,BUY,Down,0.5300000197804219,23.255318,12.325319,"Ethereum Up or Down - March 21, 2:35PM-2:40PM ET"
1774118109,2026-03-21 18:35:09,BUY,Down,0.5800000073785344,43.369046,25.154046999999995,"Bitcoin Up or Down - March 21, 2:35PM-2:40PM ET"
1774118109,2026-03-21 18:35:09,BUY,Down,0.4900000203153553,23.627448,11.57745,"Ethereum Up or Down - March 21, 2:35PM-2:40PM ET"
1774118109,2026-03-21 18:35:09,BUY,Down,0.49,15.37,7.5313,"Ethereum Up or Down - March 21, 2:35PM-2:40PM ET"
1774118109,2026-03-21 18:35:09,BUY,Down,0.58,31.63,18.345399999999998,"Bitcoin Up or Down - March 21, 2:35PM-2:40PM ET"
1774118111,2026-03-21 18:35:11,BUY,Down,0.45,9.0,4.05,"Bitcoin Up or Down - March 21, 2:35PM-2:40PM ET"
1774118111,2026-03-21 18:35:11,BUY,Up,0.66,0.1,0.066,"Ethereum Up or Down - March 21, 2:35PM-2:40PM ET"
1774118111,2026-03-21 18:35:11,BUY,Up,0.6600000367200034,14.705881,9.705882,"Ethereum Up or Down - March 21, 2:35PM-2:40PM ET"
1774118111,2026-03-21 18:35:11,BUY,Down,0.45,40.17,18.076500000000003,"Bitcoin Up or Down - March 21, 2:35PM-2:40PM ET"
1774118111,2026-03-21 18:35:11,BUY,Up,0.66,3.48,2.2968,"Ethereum Up or Down - March 21, 2:35PM-2:40PM ET"
1774118111,2026-03-21 18:35:11,BUY,Up,0.64,0.11,0.0704,"Ethereum Up or Down - March 21, 2:35PM-2:40PM ET"
1774118111,2026-03-21 18:35:11,BUY,Up,0.66,6.0,3.96,"Ethereum Up or Down - March 21, 2:35PM-2:40PM ET"
1774118111,2026-03-21 18:35:11,BUY,Up,0.6600000367200034,14.705881,9.705882,"Ethereum Up or Down - March 21, 2:35PM-2:40PM ET"
1774118111,2026-03-21 18:35:11,BUY,Up,0.64,11.0,7.04,"Ethereum Up or Down - March 21, 2:35PM-2:40PM ET"
1774118111,2026-03-21 18:35:11,BUY,Up,0.640000360000765,0.888887,0.568888,"Ethereum Up or Down - March 21, 2:35PM-2:40PM ET"
1774118115,2026-03-21 18:35:15,BUY,Up,0.7100000420500044,13.793102,9.793103,"Ethereum Up or Down - March 21, 2:35PM-2:40PM ET"
1774118121,2026-03-21 18:35:21,BUY,Up,0.65,9.18,5.967,"Bitcoin Up or Down - March 21, 2:35PM-2:40PM ET"
1774118121,2026-03-21 18:35:21,BUY,Up,0.65,2.0,1.3,"Bitcoin Up or Down - March 21, 2:35PM-2:40PM ET"
1774118121,2026-03-21 18:35:21,BUY,Up,0.6700000097058827,51.51515,34.515151,"Bitcoin Up or Down - March 21, 2:35PM-2:40PM ET"
1774118121,2026-03-21 18:35:21,BUY,Up,0.67,5.66,3.7922000000000002,"Bitcoin Up or Down - March 21, 2:35PM-2:40PM ET"
1774118121,2026-03-21 18:35:21,BUY,Up,0.67,75.0,50.25,"Bitcoin Up or Down - March 21, 2:35PM-2:40PM ET"
1774118121,2026-03-21 18:35:21,BUY,Up,0.66,25.81,17.0346,"Bitcoin Up or Down - March 21, 2:35PM-2:40PM ET"
1774118121,2026-03-21 18:35:21,BUY,Up,0.67,17.82,11.939400000000001,"Bitcoin Up or Down - March 21, 2:35PM-2:40PM ET"
1774118121,2026-03-21 18:35:21,BUY,Up,0.6500000154928964,25.818284,16.781885,"Bitcoin Up or Down - March 21, 2:35PM-2:40PM ET"
1774118121,2026-03-21 18:35:21,BUY,Up,0.67,75.0,50.25,"Bitcoin Up or Down - March 21, 2:35PM-2:40PM ET"
1774118123,2026-03-21 18:35:23,BUY,Up,0.73,1.01,0.7373,"Ethereum Up or Down - March 21, 2:35PM-2:40PM ET"
1774118125,2026-03-21 18:35:25,BUY,Up,0.66,7.06,4.6596,"Bitcoin Up or Down - March 21, 2:35PM-2:40PM ET"
1774118125,2026-03-21 18:35:25,BUY,Up,0.660000170000085,2.941175,1.941176,"Bitcoin Up or Down - March 21, 2:35PM-2:40PM ET"
1774118125,2026-03-21 18:35:25,BUY,Up,0.660000057800019,5.882351,3.8823519999999996,"Bitcoin Up or Down - March 21, 2:35PM-2:40PM ET"
1774118125,2026-03-21 18:35:25,BUY,Up,0.65,75.0,48.75,"Bitcoin Up or Down - March 21, 2:35PM-2:40PM ET"
1774118125,2026-03-21 18:35:25,BUY,Up,0.66,10.0,6.6000000000000005,"Bitcoin Up or Down - March 21, 2:35PM-2:40PM ET"
1774118129,2026-03-21 18:35:29,BUY,Up,0.65,0.32,0.20800000000000002,"Ethereum Up or Down - March 21, 2:35PM-2:40PM ET"
1774118129,2026-03-21 18:35:29,BUY,Up,0.55,7.4,4.07,"Bitcoin Up or Down - March 21, 2:35PM-2:40PM ET"
1774118129,2026-03-21 18:35:29,BUY,Up,0.5500002025001114,2.222221,1.222222,"Bitcoin Up or Down - March 21, 2:35PM-2:40PM ET"
1774118129,2026-03-21 18:35:29,BUY,Up,0.5500000063803242,47.019554,25.860754999999997,"Bitcoin Up or Down - March 21, 2:35PM-2:40PM ET"
1774118129,2026-03-21 18:35:29,BUY,Up,0.5500002025001114,2.222221,1.222222,"Bitcoin Up or Down - March 21, 2:35PM-2:40PM ET"
1774118129,2026-03-21 18:35:29,BUY,Up,0.5500002025001114,2.222221,1.222222,"Bitcoin Up or Down - March 21, 2:35PM-2:40PM ET"
1774118131,2026-03-21 18:35:31,BUY,Up,0.56,5.0,2.8000000000000003,"Bitcoin Up or Down - March 21, 2:35PM-2:40PM ET"
1774118131,2026-03-21 18:35:31,BUY,Up,0.56,1.12,0.6272000000000001,"Bitcoin Up or Down - March 21, 2:35PM-2:40PM ET"
1774118141,2026-03-21 18:35:41,BUY,Up,0.6,5.27,3.1619999999999995,"Bitcoin Up or Down - March 21, 2:35PM-2:40PM ET"
1774118143,2026-03-21 18:35:43,BUY,Down,0.22,39.0,8.58,"Ethereum Up or Down - March 21, 2:35PM-2:40PM ET"
1774118151,2026-03-21 18:35:51,BUY,Down,0.21,6.33,1.3293,"Ethereum Up or Down - March 21, 2:35PM-2:40PM ET"
1774118175,2026-03-21 18:36:15,BUY,Up,0.7000000416435371,12.006665,8.404665999999999,"Ethereum Up or Down - March 21, 2:35PM-2:40PM ET"
1774118175,2026-03-21 18:36:15,BUY,Up,0.700000110429475,5.433332,3.8033330000000003,"Ethereum Up or Down - March 21, 2:35PM-2:40PM ET"
1774118175,2026-03-21 18:36:15,BUY,Down,0.29,5.0,1.45,"Bitcoin Up or Down - March 21, 2:35PM-2:40PM ET"
1774118175,2026-03-21 18:36:15,BUY,Up,0.7000001125000281,5.333332,3.7333330000000005,"Ethereum Up or Down - March 21, 2:35PM-2:40PM ET"
1774118177,2026-03-21 18:36:17,BUY,Up,0.7,1.35,0.945,"Ethereum Up or Down - March 21, 2:35PM-2:40PM ET"
1774118179,2026-03-21 18:36:19,BUY,Up,0.59,0.93,0.5487,"Bitcoin Up or Down - March 21, 2:35PM-2:40PM ET"
1774118179,2026-03-21 18:36:19,BUY,Up,0.5900000935088326,2.780486,1.640487,"Bitcoin Up or Down - March 21, 2:35PM-2:40PM ET"
1774118181,2026-03-21 18:36:21,BUY,Down,0.24,19.91,4.7783999999999995,"Ethereum Up or Down - March 21, 2:35PM-2:40PM ET"
1774118197,2026-03-21 18:36:37,BUY,Up,0.72,5.0,3.5999999999999996,"Ethereum Up or Down - March 21, 2:35PM-2:40PM ET"
1774118197,2026-03-21 18:36:37,BUY,Up,0.72,11.18,8.0496,"Ethereum Up or Down - March 21, 2:35PM-2:40PM ET"
1774118203,2026-03-21 18:36:43,BUY,Down,0.21,3.78,0.7938,"Ethereum Up or Down - March 21, 2:35PM-2:40PM ET"
1774118203,2026-03-21 18:36:43,BUY,Down,0.21,12.0,2.52,"Ethereum Up or Down - March 21, 2:35PM-2:40PM ET"
1774118205,2026-03-21 18:36:45,BUY,Down,0.24,9.79,2.3495999999999997,"Ethereum Up or Down - March 21, 2:35PM-2:40PM ET"
1774118213,2026-03-21 18:36:53,BUY,Down,0.17,34.0,5.78,"Ethereum Up or Down - March 21, 2:35PM-2:40PM ET"
1774118213,2026-03-21 18:36:53,BUY,Up,0.83,2.0,1.66,"Ethereum Up or Down - March 21, 2:35PM-2:40PM ET"
1774118213,2026-03-21 18:36:53,BUY,Up,0.83,37.0,30.709999999999997,"Ethereum Up or Down - March 21, 2:35PM-2:40PM ET"
1774118213,2026-03-21 18:36:53,BUY,Down,0.17000000243745925,28.718429,4.8821330000000005,"Ethereum Up or Down - March 21, 2:35PM-2:40PM ET"
1774118213,2026-03-21 18:36:53,BUY,Down,0.17,5.0,0.8500000000000001,"Ethereum Up or Down - March 21, 2:35PM-2:40PM ET"
1774118215,2026-03-21 18:36:55,BUY,Up,0.83,39.0,32.37,"Ethereum Up or Down - March 21, 2:35PM-2:40PM ET"
1774118215,2026-03-21 18:36:55,BUY,Up,0.83,39.0,32.37,"Ethereum Up or Down - March 21, 2:35PM-2:40PM ET"
1774118217,2026-03-21 18:36:57,BUY,Up,0.82,12.0,9.84,"Ethereum Up or Down - March 21, 2:35PM-2:40PM ET"
1774118217,2026-03-21 18:36:57,BUY,Up,0.82,12.0,9.84,"Ethereum Up or Down - March 21, 2:35PM-2:40PM ET"
1774118217,2026-03-21 18:36:57,BUY,Up,0.82,7.0,5.739999999999999,"Ethereum Up or Down - March 21, 2:35PM-2:40PM ET"
1774118221,2026-03-21 18:37:01,BUY,Up,0.84,8.0,6.72,"Ethereum Up or Down - March 21, 2:35PM-2:40PM ET"
1774118227,2026-03-21 18:37:07,BUY,Down,0.13,39.0,5.07,"Ethereum Up or Down - March 21, 2:35PM-2:40PM ET"
1774118257,2026-03-21 18:37:37,BUY,Up,0.72,18.28,13.1616,"Ethereum Up or Down - March 21, 2:35PM-2:40PM ET"
1774118259,2026-03-21 18:37:39,BUY,Up,0.72,8.28,5.961599999999999,"Ethereum Up or Down - March 21, 2:35PM-2:40PM ET"
1774118259,2026-03-21 18:37:39,BUY,Up,0.720000102365609,6.642856,4.782857,"Ethereum Up or Down - March 21, 2:35PM-2:40PM ET"
1774118259,2026-03-21 18:37:39,BUY,Up,0.72,5.79,4.1688,"Ethereum Up or Down - March 21, 2:35PM-2:40PM ET"
1774118289,2026-03-21 18:38:09,BUY,Down,0.5,75.0,37.5,"Bitcoin Up or Down - March 21, 2:35PM-2:40PM ET"
1774118289,2026-03-21 18:38:09,BUY,Down,0.5,2.0,1.0,"Bitcoin Up or Down - March 21, 2:35PM-2:40PM ET"
1774118289,2026-03-21 18:38:09,BUY,Down,0.5,6.0,3.0,"Bitcoin Up or Down - March 21, 2:35PM-2:40PM ET"
1774118291,2026-03-21 18:38:11,BUY,Down,0.5,49.68,24.84,"Bitcoin Up or Down - March 21, 2:35PM-2:40PM ET"
1774118291,2026-03-21 18:38:11,BUY,Up,0.51,6.0,3.06,"Bitcoin Up or Down - March 21, 2:35PM-2:40PM ET"
1774118291,2026-03-21 18:38:11,BUY,Up,0.5100004214004804,1.020407,0.5204080000000001,"Bitcoin Up or Down - March 21, 2:35PM-2:40PM ET"
1774118293,2026-03-21 18:38:13,BUY,Up,0.51,67.97,34.6647,"Bitcoin Up or Down - March 21, 2:35PM-2:40PM ET"
1774118293,2026-03-21 18:38:13,BUY,Up,0.5,15.81,7.905,"Bitcoin Up or Down - March 21, 2:35PM-2:40PM ET"
1774118297,2026-03-21 18:38:17,BUY,Down,0.39,5.0,1.9500000000000002,"Bitcoin Up or Down - March 21, 2:35PM-2:40PM ET"
1774118297,2026-03-21 18:38:17,BUY,Down,0.39,2.0,0.78,"Bitcoin Up or Down - March 21, 2:35PM-2:40PM ET"
1774118297,2026-03-21 18:38:17,BUY,Down,0.39,2.0,0.78,"Bitcoin Up or Down - March 21, 2:35PM-2:40PM ET"
1774118297,2026-03-21 18:38:17,BUY,Down,0.3900000020424109,14.688523,5.728524,"Bitcoin Up or Down - March 21, 2:35PM-2:40PM ET"
1774118297,2026-03-21 18:38:17,BUY,Down,0.39,29.92,11.668800000000001,"Bitcoin Up or Down - March 21, 2:35PM-2:40PM ET"
1774118297,2026-03-21 18:38:17,BUY,Down,0.39,5.25,2.0475,"Bitcoin Up or Down - March 21, 2:35PM-2:40PM ET"
1774118297,2026-03-21 18:38:17,BUY,Down,0.39,1.86,0.7254,"Bitcoin Up or Down - March 21, 2:35PM-2:40PM ET"
1774118299,2026-03-21 18:38:19,BUY,Down,0.39,8.0,3.12,"Bitcoin Up or Down - March 21, 2:35PM-2:40PM ET"
1774118299,2026-03-21 18:38:19,BUY,Down,0.39,4.1,1.599,"Bitcoin Up or Down - March 21, 2:35PM-2:40PM ET"
1774118299,2026-03-21 18:38:19,BUY,Down,0.39,0.52,0.2028,"Bitcoin Up or Down - March 21, 2:35PM-2:40PM ET"
1774118303,2026-03-21 18:38:23,BUY,Down,0.37,3.69,1.3653,"Bitcoin Up or Down - March 21, 2:35PM-2:40PM ET"
1774118305,2026-03-21 18:38:25,BUY,Down,0.36,3.06,1.1016,"Bitcoin Up or Down - March 21, 2:35PM-2:40PM ET"
1774118305,2026-03-21 18:38:25,BUY,Down,0.37,3.18,1.1766,"Bitcoin Up or Down - March 21, 2:35PM-2:40PM ET"
1774118305,2026-03-21 18:38:25,BUY,Down,0.37,2.52,0.9324,"Bitcoin Up or Down - March 21, 2:35PM-2:40PM ET"
1774118305,2026-03-21 18:38:25,BUY,Down,0.37,5.0,1.85,"Bitcoin Up or Down - March 21, 2:35PM-2:40PM ET"
1774118305,2026-03-21 18:38:25,BUY,Down,0.3600000080807575,24.750155,8.910056,"Bitcoin Up or Down - March 21, 2:35PM-2:40PM ET"
1774118305,2026-03-21 18:38:25,BUY,Down,0.37,60.61,22.4257,"Bitcoin Up or Down - March 21, 2:35PM-2:40PM ET"
1774118307,2026-03-21 18:38:27,BUY,Down,0.36,47.18,16.9848,"Bitcoin Up or Down - March 21, 2:35PM-2:40PM ET"
1774118307,2026-03-21 18:38:27,BUY,Down,0.3400000017439748,68.808332,23.394832999999995,"Bitcoin Up or Down - March 21, 2:35PM-2:40PM ET"
1774118307,2026-03-21 18:38:27,BUY,Down,0.34,6.19,2.1046000000000005,"Bitcoin Up or Down - March 21, 2:35PM-2:40PM ET"
1774118309,2026-03-21 18:38:29,BUY,Up,0.66,75.0,49.5,"Bitcoin Up or Down - March 21, 2:35PM-2:40PM ET"
1774118309,2026-03-21 18:38:29,BUY,Up,0.7400000420979641,13.302306,9.843707,"Bitcoin Up or Down - March 21, 2:35PM-2:40PM ET"
1774118309,2026-03-21 18:38:29,BUY,Up,0.75,4.0,3.0,"Bitcoin Up or Down - March 21, 2:35PM-2:40PM ET"
1774118309,2026-03-21 18:38:29,BUY,Up,0.75,8.0,6.0,"Bitcoin Up or Down - March 21, 2:35PM-2:40PM ET"
1774118309,2026-03-21 18:38:29,BUY,Up,0.75,2.0,1.5,"Bitcoin Up or Down - March 21, 2:35PM-2:40PM ET"
1774118309,2026-03-21 18:38:29,BUY,Up,0.75,3.52,2.64,"Bitcoin Up or Down - March 21, 2:35PM-2:40PM ET"
1774118309,2026-03-21 18:38:29,BUY,Down,0.23,30.0,6.9,"Bitcoin Up or Down - March 21, 2:35PM-2:40PM ET"
1774118309,2026-03-21 18:38:29,BUY,Down,0.24,18.27,4.384799999999999,"Bitcoin Up or Down - March 21, 2:35PM-2:40PM ET"
1774118309,2026-03-21 18:38:29,BUY,Down,0.24,5.0,1.2,"Bitcoin Up or Down - March 21, 2:35PM-2:40PM ET"
1774118309,2026-03-21 18:38:29,BUY,Down,0.2400000068237942,11.723683,2.813684,"Bitcoin Up or Down - March 21, 2:35PM-2:40PM ET"
1774118309,2026-03-21 18:38:29,BUY,Down,0.24,30.0,7.199999999999999,"Bitcoin Up or Down - March 21, 2:35PM-2:40PM ET"
1774118309,2026-03-21 18:38:29,BUY,Down,0.24,10.0,2.4,"Bitcoin Up or Down - March 21, 2:35PM-2:40PM ET"
1774118309,2026-03-21 18:38:29,BUY,Down,0.14,28.95,4.053,"Ethereum Up or Down - March 21, 2:35PM-2:40PM ET"
1774118309,2026-03-21 18:38:29,BUY,Down,0.14000000398401852,10.040114,1.4056160000000002,"Ethereum Up or Down - March 21, 2:35PM-2:40PM ET"
1774118311,2026-03-21 18:38:31,BUY,Down,0.2300000535294653,2.428569,0.5585709999999999,"Bitcoin Up or Down - March 21, 2:35PM-2:40PM ET"
1774118311,2026-03-21 18:38:31,BUY,Down,0.2300000535294653,2.428569,0.5585709999999999,"Bitcoin Up or Down - March 21, 2:35PM-2:40PM ET"
1774118311,2026-03-21 18:38:31,BUY,Down,0.2400000058481336,34.198945,8.207747,"Bitcoin Up or Down - March 21, 2:35PM-2:40PM ET"
1774118311,2026-03-21 18:38:31,BUY,Down,0.23,5.0,1.1500000000000001,"Bitcoin Up or Down - March 21, 2:35PM-2:40PM ET"
1774118311,2026-03-21 18:38:31,BUY,Down,0.23,2.66,0.6118,"Bitcoin Up or Down - March 21, 2:35PM-2:40PM ET"
1774118311,2026-03-21 18:38:31,BUY,Down,0.23,12.2,2.806,"Bitcoin Up or Down - March 21, 2:35PM-2:40PM ET"
1774118311,2026-03-21 18:38:31,BUY,Down,0.2300000535294653,2.428569,0.5585709999999999,"Bitcoin Up or Down - March 21, 2:35PM-2:40PM ET"
1774118311,2026-03-21 18:38:31,BUY,Down,0.2300000535294653,2.428569,0.5585709999999999,"Bitcoin Up or Down - March 21, 2:35PM-2:40PM ET"
1774118311,2026-03-21 18:38:31,BUY,Down,0.23,5.0,1.1500000000000001,"Bitcoin Up or Down - March 21, 2:35PM-2:40PM ET"
1774118311,2026-03-21 18:38:31,BUY,Down,0.23,2.5974,0.597402,"Bitcoin Up or Down - March 21, 2:35PM-2:40PM ET"
1774118311,2026-03-21 18:38:31,BUY,Down,0.23000001232000472,6.493504,1.4935059999999998,"Bitcoin Up or Down - March 21, 2:35PM-2:40PM ET"
1774118313,2026-03-21 18:38:33,BUY,Down,0.22000000552623297,25.333713,5.573417,"Bitcoin Up or Down - March 21, 2:35PM-2:40PM ET"
1774118315,2026-03-21 18:38:35,BUY,Up,0.75,17.65,13.237499999999999,"Bitcoin Up or Down - March 21, 2:35PM-2:40PM ET"
1774118315,2026-03-21 18:38:35,BUY,Up,0.75,5.0,3.75,"Bitcoin Up or Down - March 21, 2:35PM-2:40PM ET"
1774118315,2026-03-21 18:38:35,BUY,Up,0.75,5.0,3.75,"Bitcoin Up or Down - March 21, 2:35PM-2:40PM ET"
1774118315,2026-03-21 18:38:35,BUY,Up,0.75,4.0,3.0,"Bitcoin Up or Down - March 21, 2:35PM-2:40PM ET"
1774118315,2026-03-21 18:38:35,BUY,Up,0.75,8.0,6.0,"Bitcoin Up or Down - March 21, 2:35PM-2:40PM ET"
1774118315,2026-03-21 18:38:35,BUY,Down,0.22,49.66,10.925199999999998,"Bitcoin Up or Down - March 21, 2:35PM-2:40PM ET"
1774118317,2026-03-21 18:38:37,BUY,Up,0.75,5.0,3.75,"Bitcoin Up or Down - March 21, 2:35PM-2:40PM ET"
1774118319,2026-03-21 18:38:39,BUY,Up,0.74,75.0,55.5,"Bitcoin Up or Down - March 21, 2:35PM-2:40PM ET"
1774118321,2026-03-21 18:38:41,BUY,Up,0.74,75.0,55.5,"Bitcoin Up or Down - March 21, 2:35PM-2:40PM ET"
1774118325,2026-03-21 18:38:45,BUY,Up,0.74,36.57,27.0618,"Bitcoin Up or Down - March 21, 2:35PM-2:40PM ET"
1774118325,2026-03-21 18:38:45,BUY,Down,0.23000001232000472,6.493504,1.4935059999999998,"Bitcoin Up or Down - March 21, 2:35PM-2:40PM ET"
1774118325,2026-03-21 18:38:45,BUY,Down,0.22,0.56,0.12320000000000002,"Bitcoin Up or Down - March 21, 2:35PM-2:40PM ET"
1774118325,2026-03-21 18:38:45,BUY,Down,0.22,11.14,2.4508,"Bitcoin Up or Down - March 21, 2:35PM-2:40PM ET"
1774118325,2026-03-21 18:38:45,BUY,Down,0.23000000810526508,20.974021,4.824025,"Bitcoin Up or Down - March 21, 2:35PM-2:40PM ET"
1774118325,2026-03-21 18:38:45,BUY,Down,0.22000000212727283,28.205127,6.205128,"Bitcoin Up or Down - March 21, 2:35PM-2:40PM ET"
1774118325,2026-03-21 18:38:45,BUY,Down,0.22,2.5,0.55,"Bitcoin Up or Down - March 21, 2:35PM-2:40PM ET"
1774118325,2026-03-21 18:38:45,BUY,Down,0.22,2.5641,0.564102,"Bitcoin Up or Down - March 21, 2:35PM-2:40PM ET"
1774118325,2026-03-21 18:38:45,BUY,Down,0.22000000624000088,25.641022,5.641025,"Bitcoin Up or Down - March 21, 2:35PM-2:40PM ET"
1774118325,2026-03-21 18:38:45,BUY,Down,0.22,4.3641,0.9601019999999999,"Bitcoin Up or Down - March 21, 2:35PM-2:40PM ET"
1774118327,2026-03-21 18:38:47,BUY,Up,0.76,28.25,21.47,"Bitcoin Up or Down - March 21, 2:35PM-2:40PM ET"
1774118329,2026-03-21 18:38:49,BUY,Up,0.76,46.75,35.53,"Bitcoin Up or Down - March 21, 2:35PM-2:40PM ET"
1774118329,2026-03-21 18:38:49,BUY,Up,0.76,75.0,57.0,"Bitcoin Up or Down - March 21, 2:35PM-2:40PM ET"
1774118331,2026-03-21 18:38:51,BUY,Up,0.75,75.0,56.25,"Bitcoin Up or Down - March 21, 2:35PM-2:40PM ET"
1774118331,2026-03-21 18:38:51,BUY,Down,0.21,75.0,15.75,"Bitcoin Up or Down - March 21, 2:35PM-2:40PM ET"
1774118333,2026-03-21 18:38:53,BUY,Up,0.75,75.0,56.25,"Bitcoin Up or Down - March 21, 2:35PM-2:40PM ET"
1774118333,2026-03-21 18:38:53,BUY,Down,0.22000000205240786,68.212563,15.006764,"Bitcoin Up or Down - March 21, 2:35PM-2:40PM ET"
1774118333,2026-03-21 18:38:53,BUY,Up,0.75,75.0,56.25,"Bitcoin Up or Down - March 21, 2:35PM-2:40PM ET"
1774118335,2026-03-21 18:38:55,BUY,Up,0.7400001607273194,4.230768,3.130769,"Bitcoin Up or Down - March 21, 2:35PM-2:40PM ET"
1774118335,2026-03-21 18:38:55,BUY,Up,0.7400000693333467,8.365383,6.190384,"Bitcoin Up or Down - March 21, 2:35PM-2:40PM ET"
1774118335,2026-03-21 18:38:55,BUY,Up,0.7300070933345537,0.087406,0.063807,"Bitcoin Up or Down - March 21, 2:35PM-2:40PM ET"
1774118335,2026-03-21 18:38:55,BUY,Up,0.74,45.36,33.5664,"Bitcoin Up or Down - March 21, 2:35PM-2:40PM ET"
1774118337,2026-03-21 18:38:57,BUY,Up,0.73,37.0,27.009999999999998,"Bitcoin Up or Down - March 21, 2:35PM-2:40PM ET"
1774118337,2026-03-21 18:38:57,BUY,Up,0.7200000952000152,7.142856,5.142856999999999,"Bitcoin Up or Down - March 21, 2:35PM-2:40PM ET"
1774118337,2026-03-21 18:38:57,BUY,Up,0.7200001963697018,3.462856,2.4932570000000003,"Bitcoin Up or Down - March 21, 2:35PM-2:40PM ET"
1774118337,2026-03-21 18:38:57,BUY,Up,0.7200000268800028,17.857141,12.857141999999998,"Bitcoin Up or Down - March 21, 2:35PM-2:40PM ET"
1774118337,2026-03-21 18:38:57,BUY,Up,0.7300000795598296,6.158887,4.4959880000000005,"Bitcoin Up or Down - March 21, 2:35PM-2:40PM ET"
1774118339,2026-03-21 18:38:59,BUY,Up,0.72,3.28,2.3615999999999997,"Bitcoin Up or Down - March 21, 2:35PM-2:40PM ET"
1774118343,2026-03-21 18:39:03,,,0.0,1063.682014,0.0,"Bitcoin Up or Down - March 21, 2:35PM-2:40PM ET"
1774118345,2026-03-21 18:39:05,BUY,Up,0.72,39.0,28.08,"Ethereum Up or Down - March 21, 2:35PM-2:40PM ET"
1774118345,2026-03-21 18:39:05,BUY,Up,0.73,39.0,28.47,"Ethereum Up or Down - March 21, 2:35PM-2:40PM ET"
1774118345,2026-03-21 18:39:05,BUY,Up,0.74,39.0,28.86,"Ethereum Up or Down - March 21, 2:35PM-2:40PM ET"
1774118347,2026-03-21 18:39:07,BUY,Down,0.18,39.0,7.02,"Ethereum Up or Down - March 21, 2:35PM-2:40PM ET"
1774118359,2026-03-21 18:39:19,BUY,Up,0.83,39.0,32.37,"Ethereum Up or Down - March 21, 2:35PM-2:40PM ET"
1774118359,2026-03-21 18:39:19,BUY,Up,0.82,32.2,26.404,"Ethereum Up or Down - March 21, 2:35PM-2:40PM ET"
1774118359,2026-03-21 18:39:19,BUY,Down,0.1500000084915118,11.776466,1.7664699999999998,"Ethereum Up or Down - March 21, 2:35PM-2:40PM ET"
1774118359,2026-03-21 18:39:19,BUY,Down,0.15,5.73,0.8595,"Ethereum Up or Down - March 21, 2:35PM-2:40PM ET"
1774118359,2026-03-21 18:39:19,BUY,Down,0.15,21.4847,3.222705,"Ethereum Up or Down - March 21, 2:35PM-2:40PM ET"
1774118359,2026-03-21 18:39:19,BUY,Up,0.82,6.8,5.576,"Ethereum Up or Down - March 21, 2:35PM-2:40PM ET"
1774118369,2026-03-21 18:39:29,BUY,Down,0.12,15.47,1.8564,"Ethereum Up or Down - March 21, 2:35PM-2:40PM ET"
1774118369,2026-03-21 18:39:29,BUY,Down,0.1,10.0,1.0,"Ethereum Up or Down - March 21, 2:35PM-2:40PM ET"
