timestamp,side,outcome,price,size,usdc,market
2026-03-19 22:32:25.000,BUY,Up,0.35,100,0,"Bitcoin Up or Down - March 19, 6:30PM-6:35PM ET"
2026-03-19 22:32:25.000,BUY,Down,0.63,100,0,"Bitcoin Up or Down - March 19, 6:30PM-6:35PM ET"
2026-03-19 22:32:25.000,BUY,Down,0.64,100,0,"Bitcoin Up or Down - March 19, 6:30PM-6:35PM ET"
2026-03-19 22:32:25.000,BUY,Up,0.42000003726908886,4.293102,0,"Bitcoin Up or Down - March 19, 6:30PM-6:45PM ET"
2026-03-19 22:32:25.000,BUY,Up,0.27,5,0,"Bitcoin Up or Down - March 19, 6:30PM-6:35PM ET"
2026-03-19 22:32:25.000,BUY,Up,0.34,100,0,"Bitcoin Up or Down - March 19, 6:30PM-6:35PM ET"
2026-03-19 22:32:25.000,BUY,Up,0.35,13.08,0,"Bitcoin Up or Down - March 19, 6:30PM-6:35PM ET"
2026-03-19 22:32:25.000,BUY,Up,0.35,40,0,"Bitcoin Up or Down - March 19, 6:30PM-6:35PM ET"
2026-03-19 22:32:25.000,BUY,Up,0.35,40,0,"Bitcoin Up or Down - March 19, 6:30PM-6:35PM ET"
2026-03-19 22:32:25.000,BUY,Up,0.27,6,0,"Bitcoin Up or Down - March 19, 6:30PM-6:35PM ET"
2026-03-19 22:32:25.000,BUY,Up,0.27,8.7,0,"Bitcoin Up or Down - March 19, 6:30PM-6:35PM ET"
2026-03-19 22:32:25.000,BUY,Down,0.6400000062400001,83.333332,0,"Bitcoin Up or Down - March 19, 6:30PM-6:35PM ET"
2026-03-19 22:32:25.000,BUY,Up,0.35000009750003414,3.076922,0,"Bitcoin Up or Down - March 19, 6:30PM-6:35PM ET"
2026-03-19 22:32:25.000,BUY,Up,0.28,27.12,0,"Bitcoin Up or Down - March 19, 6:30PM-6:35PM ET"
2026-03-19 22:32:25.000,BUY,Up,0.28,6,0,"Bitcoin Up or Down - March 19, 6:30PM-6:35PM ET"
2026-03-19 22:32:25.000,BUY,Up,0.28,66.88,0,"Bitcoin Up or Down - March 19, 6:30PM-6:35PM ET"
2026-03-19 22:32:25.000,BUY,Down,0.6500001225000797,2.857141,0,"Bitcoin Up or Down - March 19, 6:30PM-6:35PM ET"
2026-03-19 22:32:23.000,BUY,Up,0.36,0.52,0,"Bitcoin Up or Down - March 19, 6:30PM-6:35PM ET"
2026-03-19 22:32:23.000,BUY,Up,0.36,1.95,0,"Bitcoin Up or Down - March 19, 6:30PM-6:35PM ET"
2026-03-19 22:32:23.000,BUY,Up,0.3500000522088521,3.830768,0,"Bitcoin Up or Down - March 19, 6:30PM-6:35PM ET"
2026-03-19 22:32:23.000,BUY,Up,0.36,33.25,0,"Bitcoin Up or Down - March 19, 6:30PM-6:35PM ET"
2026-03-19 22:32:23.000,BUY,Up,0.36,2.79,0,"Bitcoin Up or Down - March 19, 6:30PM-6:35PM ET"
2026-03-19 22:32:23.000,BUY,Down,0.6200000056041269,82.082367,0,"Bitcoin Up or Down - March 19, 6:30PM-6:35PM ET"
2026-03-19 22:32:23.000,BUY,Down,0.63,100,0,"Bitcoin Up or Down - March 19, 6:30PM-6:35PM ET"
2026-03-19 22:32:23.000,BUY,Down,0.6400000075812086,63.314443,0,"Bitcoin Up or Down - March 19, 6:30PM-6:35PM ET"
2026-03-19 22:32:21.000,BUY,Up,0.36,84.78,0,"Bitcoin Up or Down - March 19, 6:30PM-6:35PM ET"
2026-03-19 22:32:21.000,BUY,Up,0.36,3.5625,0,"Bitcoin Up or Down - March 19, 6:30PM-6:35PM ET"
2026-03-19 22:32:21.000,BUY,Up,0.36,5,0,"Bitcoin Up or Down - March 19, 6:30PM-6:35PM ET"
2026-03-19 22:32:21.000,BUY,Down,0.63,10,0,"Bitcoin Up or Down - March 19, 6:30PM-6:35PM ET"
2026-03-19 22:32:21.000,BUY,Down,0.63,8.51,0,"Bitcoin Up or Down - March 19, 6:30PM-6:35PM ET"
2026-03-19 22:32:21.000,BUY,Down,0.64,33.11,0,"Bitcoin Up or Down - March 19, 6:30PM-6:35PM ET"
2026-03-19 22:32:21.000,BUY,Down,0.63,50,0,"Bitcoin Up or Down - March 19, 6:30PM-6:35PM ET"
2026-03-19 22:32:21.000,BUY,Down,0.6300000311578976,15.405404,0,"Bitcoin Up or Down - March 19, 6:30PM-6:35PM ET"
2026-03-19 22:32:21.000,BUY,Down,0.63,5,0,"Bitcoin Up or Down - March 19, 6:30PM-6:35PM ET"
2026-03-19 22:32:21.000,BUY,Down,0.63,11.08,0,"Bitcoin Up or Down - March 19, 6:30PM-6:35PM ET"
2026-03-19 22:32:21.000,BUY,Down,0.6400000578313393,6.916665,0,"Bitcoin Up or Down - March 19, 6:30PM-6:35PM ET"
2026-03-19 22:32:21.000,BUY,Down,0.64,11.76,0,"Bitcoin Up or Down - March 19, 6:30PM-6:35PM ET"
2026-03-19 22:32:21.000,BUY,Down,0.64,5,0,"Bitcoin Up or Down - March 19, 6:30PM-6:35PM ET"
2026-03-19 22:32:19.000,BUY,Down,0.64,40,0,"Bitcoin Up or Down - March 19, 6:30PM-6:35PM ET"
2026-03-19 22:32:19.000,BUY,Down,0.65,10,0,"Bitcoin Up or Down - March 19, 6:30PM-6:35PM ET"
2026-03-19 22:32:19.000,BUY,Down,0.65,41,0,"Bitcoin Up or Down - March 19, 6:30PM-6:35PM ET"
2026-03-19 22:32:19.000,BUY,Down,0.64,0.02,0,"Bitcoin Up or Down - March 19, 6:30PM-6:35PM ET"
2026-03-19 22:32:19.000,BUY,Down,0.65,9,0,"Bitcoin Up or Down - March 19, 6:30PM-6:35PM ET"
2026-03-19 22:32:19.000,BUY,Down,0.65,40,0,"Bitcoin Up or Down - March 19, 6:30PM-6:35PM ET"
2026-03-19 22:32:19.000,BUY,Down,0.64,3.19,0,"Bitcoin Up or Down - March 19, 6:30PM-6:35PM ET"
2026-03-19 22:32:19.000,BUY,Up,0.29,5,0,"Bitcoin Up or Down - March 19, 6:30PM-6:35PM ET"
2026-03-19 22:32:19.000,BUY,Up,0.29,41.52,0,"Bitcoin Up or Down - March 19, 6:30PM-6:35PM ET"
2026-03-19 22:32:19.000,BUY,Up,0.29,10,0,"Bitcoin Up or Down - March 19, 6:30PM-6:35PM ET"
2026-03-19 22:32:19.000,BUY,Up,0.290000008520001,21.126758,0,"Bitcoin Up or Down - March 19, 6:30PM-6:35PM ET"
2026-03-19 22:32:19.000,BUY,Up,0.29,8.19,0,"Bitcoin Up or Down - March 19, 6:30PM-6:35PM ET"
2026-03-19 22:32:19.000,BUY,Up,0.29,10,0,"Bitcoin Up or Down - March 19, 6:30PM-6:35PM ET"
2026-03-19 22:32:17.000,BUY,Up,0.3,3.55714,0,"Bitcoin Up or Down - March 19, 6:30PM-6:35PM ET"
2026-03-19 22:32:17.000,BUY,Up,0.3,23.92857,0,"Bitcoin Up or Down - March 19, 6:30PM-6:35PM ET"
2026-03-19 22:32:17.000,BUY,Up,0.3,2.52,0,"Bitcoin Up or Down - March 19, 6:30PM-6:35PM ET"
2026-03-19 22:32:17.000,BUY,Up,0.3000000278884562,7.171426,0,"Bitcoin Up or Down - March 19, 6:30PM-6:35PM ET"
2026-03-19 22:32:17.000,BUY,Up,0.2900000497000131,4.225351,0,"Bitcoin Up or Down - March 19, 6:30PM-6:35PM ET"
2026-03-19 22:32:17.000,BUY,Up,0.29,4.96,0,"Bitcoin Up or Down - March 19, 6:30PM-6:35PM ET"
2026-03-19 22:32:17.000,BUY,Up,0.29,31.1,0,"Bitcoin Up or Down - March 19, 6:30PM-6:35PM ET"
2026-03-19 22:32:17.000,BUY,Up,0.3000001272729355,0.785713,0,"Bitcoin Up or Down - March 19, 6:30PM-6:35PM ET"
2026-03-19 22:32:17.000,BUY,Up,0.3,15,0,"Bitcoin Up or Down - March 19, 6:30PM-6:35PM ET"
2026-03-19 22:32:17.000,BUY,Down,0.69,100,0,"Bitcoin Up or Down - March 19, 6:30PM-6:35PM ET"
2026-03-19 22:32:17.000,BUY,Down,0.7,54.57,0,"Bitcoin Up or Down - March 19, 6:30PM-6:35PM ET"
2026-03-19 22:32:17.000,BUY,Up,0.3,21.43,0,"Bitcoin Up or Down - March 19, 6:30PM-6:35PM ET"
2026-03-19 22:32:17.000,BUY,Down,0.7,24,0,"Bitcoin Up or Down - March 19, 6:30PM-6:35PM ET"
2026-03-19 22:32:15.000,BUY,Up,0.19,6,0,"Bitcoin Up or Down - March 19, 6:30PM-6:35PM ET"
2026-03-19 22:32:15.000,BUY,Down,0.6,5,0,"Bitcoin Up or Down - March 19, 6:30PM-6:45PM ET"
2026-03-19 22:32:15.000,BUY,Down,0.7,21.43,0,"Bitcoin Up or Down - March 19, 6:30PM-6:35PM ET"
2026-03-19 22:32:13.000,BUY,Up,0.1900000145800012,12.345678,0,"Bitcoin Up or Down - March 19, 6:30PM-6:35PM ET"
2026-03-19 22:32:13.000,BUY,Up,0.19,7.66,0,"Bitcoin Up or Down - March 19, 6:30PM-6:35PM ET"
2026-03-19 22:32:13.000,BUY,Up,0.19000000203007722,4.925921,0,"Bitcoin Up or Down - March 19, 6:30PM-6:35PM ET"
2026-03-19 22:32:13.000,BUY,Up,0.19000004017237968,3.982836,0,"Bitcoin Up or Down - March 19, 6:30PM-6:35PM ET"
2026-03-19 22:32:11.000,BUY,Up,0.18,10.80585,0,"Bitcoin Up or Down - March 19, 6:30PM-6:35PM ET"
2026-03-19 22:32:11.000,BUY,Up,0.2,4.08,0,"Bitcoin Up or Down - March 19, 6:30PM-6:35PM ET"
2026-03-19 22:32:11.000,BUY,Up,0.2,95.915,0,"Bitcoin Up or Down - March 19, 6:30PM-6:35PM ET"
2026-03-19 22:32:09.000,BUY,Up,0.16000001244446269,3.214281,0,"Bitcoin Up or Down - March 19, 6:30PM-6:35PM ET"
2026-03-19 22:32:09.000,BUY,Down,0.82,18.97,0,"Bitcoin Up or Down - March 19, 6:30PM-6:35PM ET"
2026-03-19 22:32:09.000,BUY,Up,0.16,1.190475,0,"Bitcoin Up or Down - March 19, 6:30PM-6:35PM ET"
2026-03-19 22:32:09.000,BUY,Down,0.82,6,0,"Bitcoin Up or Down - March 19, 6:30PM-6:35PM ET"
2026-03-19 22:32:09.000,,,0,18.497996,0,"Bitcoin Up or Down - March 19, 6:30PM-6:45PM ET"
2026-03-19 22:32:09.000,,,0,384.603741,0,"Bitcoin Up or Down - March 19, 6:30PM-6:35PM ET"
2026-03-19 22:32:09.000,BUY,Up,0.16,7.52,0,"Bitcoin Up or Down - March 19, 6:30PM-6:35PM ET"
2026-03-19 22:32:09.000,BUY,Up,0.16000000420000154,9.523806,0,"Bitcoin Up or Down - March 19, 6:30PM-6:35PM ET"
2026-03-19 22:32:09.000,BUY,Down,0.82,9,0,"Bitcoin Up or Down - March 19, 6:30PM-6:35PM ET"
2026-03-19 22:32:09.000,BUY,Down,0.82,6,0,"Bitcoin Up or Down - March 19, 6:30PM-6:35PM ET"
2026-03-19 22:32:09.000,BUY,Up,0.16,3.571425,0,"Bitcoin Up or Down - March 19, 6:30PM-6:35PM ET"
2026-03-19 22:32:09.000,BUY,Down,0.82,4,0,"Bitcoin Up or Down - March 19, 6:30PM-6:35PM ET"
2026-03-19 22:32:09.000,BUY,Up,0.16000000630000036,19.047618,0,"Bitcoin Up or Down - March 19, 6:30PM-6:35PM ET"
2026-03-19 22:32:09.000,BUY,Up,0.29000003136547303,3.507041,0,"Bitcoin Up or Down - March 19, 6:30PM-6:45PM ET"
2026-03-19 22:32:09.000,BUY,Down,0.7,5,0,"Bitcoin Up or Down - March 19, 6:30PM-6:45PM ET"
2026-03-19 22:32:09.000,BUY,Up,0.1800000070257046,19.926827,0,"Bitcoin Up or Down - March 19, 6:30PM-6:35PM ET"
2026-03-19 22:32:09.000,BUY,Up,0.16,12.68,0,"Bitcoin Up or Down - March 19, 6:30PM-6:35PM ET"
2026-03-19 22:32:09.000,BUY,Up,0.16,7.52,0,"Bitcoin Up or Down - March 19, 6:30PM-6:35PM ET"
2026-03-19 22:32:09.000,BUY,Down,0.81,100,0,"Bitcoin Up or Down - March 19, 6:30PM-6:35PM ET"
2026-03-19 22:32:09.000,BUY,Down,0.82,56.03,0,"Bitcoin Up or Down - March 19, 6:30PM-6:35PM ET"
2026-03-19 22:32:09.000,BUY,Down,0.83,100,0,"Bitcoin Up or Down - March 19, 6:30PM-6:35PM ET"
2026-03-19 22:32:09.000,BUY,Up,0.18,64.96,0,"Bitcoin Up or Down - March 19, 6:30PM-6:35PM ET"
2026-03-19 22:32:09.000,BUY,Down,0.7,5,0,"Bitcoin Up or Down - March 19, 6:30PM-6:45PM ET"
2026-03-19 22:32:09.000,BUY,Up,0.1800000326136814,4.292677,0,"Bitcoin Up or Down - March 19, 6:30PM-6:35PM ET"
2026-03-19 22:32:09.000,BUY,Up,0.16,1.190475,0,"Bitcoin Up or Down - March 19, 6:30PM-6:35PM ET"
2026-03-19 22:32:07.000,BUY,Up,0.13000000644444917,3.103446,0,"Bitcoin Up or Down - March 19, 6:30PM-6:35PM ET"
2026-03-19 22:32:07.000,BUY,Up,0.13000000644444917,3.103446,0,"Bitcoin Up or Down - March 19, 6:30PM-6:35PM ET"
2026-03-19 22:32:07.000,BUY,Up,0.13000000644444917,3.103446,0,"Bitcoin Up or Down - March 19, 6:30PM-6:35PM ET"
2026-03-19 22:32:07.000,BUY,Up,0.13000000644444917,3.103446,0,"Bitcoin Up or Down - March 19, 6:30PM-6:35PM ET"
2026-03-19 22:32:07.000,BUY,Up,0.13000000644444917,3.103446,0,"Bitcoin Up or Down - March 19, 6:30PM-6:35PM ET"
2026-03-19 22:32:07.000,BUY,Up,0.13000000644444917,3.103446,0,"Bitcoin Up or Down - March 19, 6:30PM-6:35PM ET"
2026-03-19 22:32:07.000,BUY,Up,0.13000000644444917,3.103446,0,"Bitcoin Up or Down - March 19, 6:30PM-6:35PM ET"
2026-03-19 22:32:07.000,BUY,Up,0.13000000644444917,3.103446,0,"Bitcoin Up or Down - March 19, 6:30PM-6:35PM ET"
2026-03-19 22:32:07.000,BUY,Up,0.13000000644444917,3.103446,0,"Bitcoin Up or Down - March 19, 6:30PM-6:35PM ET"
2026-03-19 22:32:07.000,BUY,Up,0.13000000644444917,3.103446,0,"Bitcoin Up or Down - March 19, 6:30PM-6:35PM ET"
2026-03-19 22:32:07.000,BUY,Up,0.26,5,0,"Bitcoin Up or Down - March 19, 6:30PM-6:45PM ET"
2026-03-19 22:32:07.000,BUY,Up,0.13000000644444917,3.103446,0,"Bitcoin Up or Down - March 19, 6:30PM-6:35PM ET"
2026-03-19 22:32:07.000,BUY,Up,0.13000000644444917,3.103446,0,"Bitcoin Up or Down - March 19, 6:30PM-6:35PM ET"
2026-03-19 22:32:07.000,BUY,Up,0.13000000644444917,3.103446,0,"Bitcoin Up or Down - March 19, 6:30PM-6:35PM ET"
2026-03-19 22:32:07.000,BUY,Down,0.8600000490000033,17.142856,0,"Bitcoin Up or Down - March 19, 6:30PM-6:35PM ET"
2026-03-19 22:32:07.000,BUY,Up,0.13000000644444917,3.103446,0,"Bitcoin Up or Down - March 19, 6:30PM-6:35PM ET"
2026-03-19 22:32:07.000,BUY,Up,0.13000000644444917,3.103446,0,"Bitcoin Up or Down - March 19, 6:30PM-6:35PM ET"
2026-03-19 22:32:07.000,BUY,Up,0.13000000644444917,3.103446,0,"Bitcoin Up or Down - March 19, 6:30PM-6:35PM ET"
2026-03-19 22:32:07.000,BUY,Up,0.13000000644444917,3.103446,0,"Bitcoin Up or Down - March 19, 6:30PM-6:35PM ET"
2026-03-19 22:32:07.000,BUY,Up,0.13000000644444917,3.103446,0,"Bitcoin Up or Down - March 19, 6:30PM-6:35PM ET"
2026-03-19 22:32:07.000,BUY,Up,0.13000000644444917,3.103446,0,"Bitcoin Up or Down - March 19, 6:30PM-6:35PM ET"
2026-03-19 22:32:07.000,BUY,Up,0.13000000644444917,3.103446,0,"Bitcoin Up or Down - March 19, 6:30PM-6:35PM ET"
2026-03-19 22:32:07.000,BUY,Up,0.13000000644444917,3.103446,0,"Bitcoin Up or Down - March 19, 6:30PM-6:35PM ET"
2026-03-19 22:32:07.000,BUY,Up,0.13000000644444917,3.103446,0,"Bitcoin Up or Down - March 19, 6:30PM-6:35PM ET"
2026-03-19 22:32:07.000,BUY,Up,0.13000000644444917,3.103446,0,"Bitcoin Up or Down - March 19, 6:30PM-6:35PM ET"
2026-03-19 22:32:07.000,BUY,Up,0.13000000644444917,3.103446,0,"Bitcoin Up or Down - March 19, 6:30PM-6:35PM ET"
2026-03-19 22:32:07.000,BUY,Down,0.8700000444434868,17.775383,0,"Bitcoin Up or Down - March 19, 6:30PM-6:35PM ET"
2026-03-19 22:32:07.000,BUY,Up,0.12000000386813228,10.340908,0,"Bitcoin Up or Down - March 19, 6:30PM-6:35PM ET"
2026-03-19 22:32:07.000,BUY,Up,0.13000000644444917,3.103446,0,"Bitcoin Up or Down - March 19, 6:30PM-6:35PM ET"
2026-03-19 22:32:07.000,BUY,Up,0.13000000644444917,3.103446,0,"Bitcoin Up or Down - March 19, 6:30PM-6:35PM ET"
2026-03-19 22:32:07.000,BUY,Up,0.13000000644444917,3.103446,0,"Bitcoin Up or Down - March 19, 6:30PM-6:35PM ET"
2026-03-19 22:32:07.000,BUY,Up,0.13000000644444917,3.103446,0,"Bitcoin Up or Down - March 19, 6:30PM-6:35PM ET"
2026-03-19 22:32:07.000,BUY,Down,0.8600001176000188,7.142856,0,"Bitcoin Up or Down - March 19, 6:30PM-6:35PM ET"
2026-03-19 22:32:07.000,BUY,Down,0.8600001176000188,7.142856,0,"Bitcoin Up or Down - March 19, 6:30PM-6:35PM ET"
2026-03-19 22:32:07.000,BUY,Down,0.87,9.11,0,"Bitcoin Up or Down - March 19, 6:30PM-6:35PM ET"
2026-03-19 22:32:07.000,BUY,Up,0.12,6.66,0,"Bitcoin Up or Down - March 19, 6:30PM-6:35PM ET"
2026-03-19 22:32:07.000,BUY,Down,0.860000021280001,35.714284,0,"Bitcoin Up or Down - March 19, 6:30PM-6:35PM ET"
2026-03-19 22:32:05.000,BUY,Up,0.32,5,0,"Bitcoin Up or Down - March 19, 6:30PM-6:45PM ET"
2026-03-19 22:32:05.000,BUY,Down,0.86,30,0,"Bitcoin Up or Down - March 19, 6:30PM-6:35PM ET"
2026-03-19 22:32:05.000,BUY,Down,0.87,2,0,"Bitcoin Up or Down - March 19, 6:30PM-6:35PM ET"
2026-03-19 22:32:05.000,BUY,Down,0.87,45,0,"Bitcoin Up or Down - March 19, 6:30PM-6:35PM ET"
2026-03-19 22:32:05.000,BUY,Down,0.87,5,0,"Bitcoin Up or Down - March 19, 6:30PM-6:35PM ET"
2026-03-19 22:32:05.000,BUY,Down,0.87,5,0,"Bitcoin Up or Down - March 19, 6:30PM-6:35PM ET"
2026-03-19 22:32:05.000,BUY,Down,0.87,36,0,"Bitcoin Up or Down - March 19, 6:30PM-6:35PM ET"
2026-03-19 22:32:05.000,BUY,Down,0.87,7,0,"Bitcoin Up or Down - March 19, 6:30PM-6:35PM ET"
2026-03-19 22:32:03.000,BUY,Down,0.8,50,0,"Bitcoin Up or Down - March 19, 6:30PM-6:35PM ET"
2026-03-19 22:32:03.000,BUY,Up,0.19000002430009647,1.234563,0,"Bitcoin Up or Down - March 19, 6:30PM-6:35PM ET"
2026-03-19 22:32:03.000,BUY,Up,0.19,24.8,0,"Bitcoin Up or Down - March 19, 6:30PM-6:35PM ET"
2026-03-19 22:32:03.000,BUY,Up,0.19,15.34,0,"Bitcoin Up or Down - March 19, 6:30PM-6:35PM ET"
2026-03-19 22:32:03.000,BUY,Up,0.19,1,0,"Bitcoin Up or Down - March 19, 6:30PM-6:35PM ET"
2026-03-19 22:32:03.000,BUY,Up,0.1900000422891714,3.074073,0,"Bitcoin Up or Down - March 19, 6:30PM-6:35PM ET"
2026-03-19 22:32:03.000,BUY,Up,0.19000000692438776,20.218394,0,"Bitcoin Up or Down - March 19, 6:30PM-6:35PM ET"
2026-03-19 22:32:01.000,BUY,Up,0.330000002392858,4.179103,0,"Bitcoin Up or Down - March 19, 6:30PM-6:45PM ET"
2026-03-19 22:32:01.000,BUY,Up,0.19,14.35,0,"Bitcoin Up or Down - March 19, 6:30PM-6:35PM ET"
2026-03-19 22:32:01.000,BUY,Up,0.19,98.71,0,"Bitcoin Up or Down - March 19, 6:30PM-6:35PM ET"
2026-03-19 22:32:01.000,BUY,Down,0.66,5,0,"Bitcoin Up or Down - March 19, 6:30PM-6:45PM ET"
2026-03-19 22:32:01.000,BUY,Up,0.19000002430009647,1.234563,0,"Bitcoin Up or Down - March 19, 6:30PM-6:35PM ET"
2026-03-19 22:32:01.000,BUY,Up,0.33,0.82,0,"Bitcoin Up or Down - March 19, 6:30PM-6:45PM ET"
2026-03-19 22:32:01.000,BUY,Down,0.8,50,0,"Bitcoin Up or Down - March 19, 6:30PM-6:35PM ET"
2026-03-19 22:31:59.000,,,0,18.497996,0,"Bitcoin Up or Down - March 19, 6:30PM-6:45PM ET"
2026-03-19 22:31:59.000,,,0,384.603741,0,"Bitcoin Up or Down - March 19, 6:30PM-6:35PM ET"
2026-03-19 22:31:59.000,BUY,Up,0.19000294965171421,0.044073,0,"Bitcoin Up or Down - March 19, 6:30PM-6:35PM ET"
2026-03-19 22:31:57.000,BUY,Up,0.2,20.5,0,"Bitcoin Up or Down - March 19, 6:30PM-6:35PM ET"
2026-03-19 22:31:57.000,BUY,Down,0.790000132300049,4.761903,0,"Bitcoin Up or Down - March 19, 6:30PM-6:35PM ET"
2026-03-19 22:31:57.000,BUY,Down,0.79,5,0,"Bitcoin Up or Down - March 19, 6:30PM-6:35PM ET"
2026-03-19 22:31:57.000,BUY,Down,0.79,10,0,"Bitcoin Up or Down - March 19, 6:30PM-6:35PM ET"
2026-03-19 22:31:57.000,BUY,Down,0.79,5,0,"Bitcoin Up or Down - March 19, 6:30PM-6:35PM ET"
2026-03-19 22:31:57.000,BUY,Down,0.79,5,0,"Bitcoin Up or Down - March 19, 6:30PM-6:35PM ET"
2026-03-19 22:31:57.000,BUY,Down,0.79,5,0,"Bitcoin Up or Down - March 19, 6:30PM-6:35PM ET"
2026-03-19 22:31:57.000,BUY,Down,0.6700001925001169,2.545453,0,"Bitcoin Up or Down - March 19, 6:30PM-6:45PM ET"
2026-03-19 22:31:55.000,BUY,Down,0.67,5,0,"Bitcoin Up or Down - March 19, 6:30PM-6:45PM ET"
2026-03-19 22:31:55.000,BUY,Up,0.17000000712446753,8.421682,0,"Bitcoin Up or Down - March 19, 6:30PM-6:35PM ET"
2026-03-19 22:31:55.000,BUY,Up,0.17000000158953105,37.746982,0,"Bitcoin Up or Down - March 19, 6:30PM-6:35PM ET"
2026-03-19 22:31:55.000,BUY,Up,0.17,3,0,"Bitcoin Up or Down - March 19, 6:30PM-6:35PM ET"
2026-03-19 22:31:55.000,BUY,Up,0.17000001680163043,8.927705,0,"Bitcoin Up or Down - March 19, 6:30PM-6:35PM ET"
2026-03-19 22:31:51.000,BUY,Up,0.15,3.45882,0,"Bitcoin Up or Down - March 19, 6:30PM-6:35PM ET"
2026-03-19 22:31:51.000,BUY,Up,0.15000001700002005,5.882346,0,"Bitcoin Up or Down - March 19, 6:30PM-6:35PM ET"
2026-03-19 22:31:51.000,BUY,Up,0.15,13.33,0,"Bitcoin Up or Down - March 19, 6:30PM-6:35PM ET"
2026-03-19 22:31:51.000,BUY,Down,0.83,80.78,0,"Bitcoin Up or Down - March 19, 6:30PM-6:35PM ET"
2026-03-19 22:31:51.000,BUY,Up,0.15000004292939917,2.329406,0,"Bitcoin Up or Down - March 19, 6:30PM-6:35PM ET"
2026-03-19 22:31:49.000,BUY,Up,0.1500000850003315,1.176466,0,"Bitcoin Up or Down - March 19, 6:30PM-6:35PM ET"
2026-03-19 22:31:49.000,BUY,Up,0.15,5.85,0,"Bitcoin Up or Down - March 19, 6:30PM-6:35PM ET"
2026-03-19 22:31:49.000,BUY,Up,0.1500000026266998,38.070586,0,"Bitcoin Up or Down - March 19, 6:30PM-6:35PM ET"
2026-03-19 22:31:49.000,BUY,Up,0.15000003413661336,2.929406,0,"Bitcoin Up or Down - March 19, 6:30PM-6:35PM ET"
2026-03-19 22:31:49.000,BUY,Up,0.27,5,0,"Bitcoin Up or Down - March 19, 6:30PM-6:45PM ET"
2026-03-19 22:31:49.000,BUY,Up,0.1500000404762271,1.235293,0,"Bitcoin Up or Down - March 19, 6:30PM-6:35PM ET"
2026-03-19 22:31:47.000,BUY,Up,0.15000003413661336,2.929406,0,"Bitcoin Up or Down - March 19, 6:30PM-6:35PM ET"
2026-03-19 22:31:47.000,BUY,Up,0.1500001332292369,0.375293,0,"Bitcoin Up or Down - March 19, 6:30PM-6:35PM ET"
2026-03-19 22:31:47.000,BUY,Up,0.1500000850003315,1.176466,0,"Bitcoin Up or Down - March 19, 6:30PM-6:35PM ET"
2026-03-19 22:31:45.000,,,0,11.606361,0,"Bitcoin Up or Down - March 19, 6:30PM-6:45PM ET"
2026-03-19 22:31:45.000,,,0,1291.552671,0,"Bitcoin Up or Down - March 19, 6:30PM-6:35PM ET"
2026-03-19 22:31:45.000,BUY,Up,0.15,81.85,0,"Bitcoin Up or Down - March 19, 6:30PM-6:35PM ET"
2026-03-19 22:31:45.000,BUY,Up,0.15000001647287428,3.035293,0,"Bitcoin Up or Down - March 19, 6:30PM-6:35PM ET"
2026-03-19 22:31:45.000,BUY,Down,0.84,100,0,"Bitcoin Up or Down - March 19, 6:30PM-6:35PM ET"
2026-03-19 22:31:45.000,BUY,Down,0.85,100,0,"Bitcoin Up or Down - March 19, 6:30PM-6:35PM ET"
2026-03-19 22:31:45.000,BUY,Up,0.15000003863650238,1.294113,0,"Bitcoin Up or Down - March 19, 6:30PM-6:35PM ET"
2026-03-19 22:31:45.000,BUY,Up,0.15,5,0,"Bitcoin Up or Down - March 19, 6:30PM-6:35PM ET"
2026-03-19 22:31:45.000,BUY,Up,0.15,8.81,0,"Bitcoin Up or Down - March 19, 6:30PM-6:35PM ET"
2026-03-19 22:31:43.000,BUY,Down,0.830000036956525,19.211763,0,"Bitcoin Up or Down - March 19, 6:30PM-6:35PM ET"
2026-03-19 22:31:43.000,BUY,Up,0.27000004397595395,3.410955,0,"Bitcoin Up or Down - March 19, 6:30PM-6:45PM ET"
2026-03-19 22:31:43.000,BUY,Up,0.27,1.58,0,"Bitcoin Up or Down - March 19, 6:30PM-6:45PM ET"
2026-03-19 22:31:43.000,BUY,Up,0.14,100,0,"Bitcoin Up or Down - March 19, 6:30PM-6:35PM ET"
2026-03-19 22:31:43.000,BUY,Up,0.15,25.42,0,"Bitcoin Up or Down - March 19, 6:30PM-6:35PM ET"
2026-03-19 22:31:41.000,BUY,Down,0.8200001296000363,5.555554,0,"Bitcoin Up or Down - March 19, 6:30PM-6:35PM ET"
2026-03-19 22:31:41.000,BUY,Down,0.81,15.1,0,"Bitcoin Up or Down - March 19, 6:30PM-6:35PM ET"
2026-03-19 22:31:41.000,BUY,Down,0.8200001296000363,5.555554,0,"Bitcoin Up or Down - March 19, 6:30PM-6:35PM ET"
2026-03-19 22:31:41.000,BUY,Down,0.8200000860377489,8.833332,0,"Bitcoin Up or Down - March 19, 6:30PM-6:35PM ET"
2026-03-19 22:31:41.000,BUY,Up,0.1600000022971742,52.238093,0,"Bitcoin Up or Down - March 19, 6:30PM-6:35PM ET"
2026-03-19 22:31:41.000,BUY,Up,0.16,8.34,0,"Bitcoin Up or Down - March 19, 6:30PM-6:35PM ET"
2026-03-19 22:31:41.000,BUY,Down,0.8200000221359232,34.333332,0,"Bitcoin Up or Down - March 19, 6:30PM-6:35PM ET"
2026-03-19 22:31:41.000,BUY,Up,0.29000003136547303,3.507041,0,"Bitcoin Up or Down - March 19, 6:30PM-6:45PM ET"
2026-03-19 22:31:37.000,BUY,Up,0.170000032824876,2.132529,0,"Bitcoin Up or Down - March 19, 6:30PM-6:35PM ET"
2026-03-19 22:31:37.000,BUY,Up,0.17000001177305782,1.698794,0,"Bitcoin Up or Down - March 19, 6:30PM-6:35PM ET"
2026-03-19 22:31:37.000,BUY,Up,0.17,58.34,0,"Bitcoin Up or Down - March 19, 6:30PM-6:35PM ET"
2026-03-19 22:31:37.000,BUY,Up,0.17,5,0,"Bitcoin Up or Down - March 19, 6:30PM-6:35PM ET"
2026-03-19 22:31:37.000,BUY,Up,0.17,11.51,0,"Bitcoin Up or Down - March 19, 6:30PM-6:35PM ET"
2026-03-19 22:31:37.000,BUY,Up,0.17,3,0,"Bitcoin Up or Down - March 19, 6:30PM-6:35PM ET"
2026-03-19 22:31:37.000,BUY,Up,0.170000003516951,11.373488,0,"Bitcoin Up or Down - March 19, 6:30PM-6:35PM ET"
2026-03-19 22:31:35.000,BUY,Down,0.7,4.51,0,"Bitcoin Up or Down - March 19, 6:30PM-6:45PM ET"
2026-03-19 22:31:35.000,BUY,Down,0.7,0.49,0,"Bitcoin Up or Down - March 19, 6:30PM-6:45PM ET"
2026-03-19 22:31:35.000,BUY,Up,0.17,3.66,0,"Bitcoin Up or Down - March 19, 6:30PM-6:35PM ET"
2026-03-19 22:31:35.000,BUY,Up,0.1700001106668627,1.265058,0,"Bitcoin Up or Down - March 19, 6:30PM-6:35PM ET"
2026-03-19 22:31:35.000,BUY,Up,0.17,2,0,"Bitcoin Up or Down - March 19, 6:30PM-6:35PM ET"
2026-03-19 22:31:35.000,BUY,Up,0.18,44.96,0,"Bitcoin Up or Down - March 19, 6:30PM-6:35PM ET"
2026-03-19 22:31:35.000,BUY,Up,0.18000001640001606,1.219511,0,"Bitcoin Up or Down - March 19, 6:30PM-6:35PM ET"
2026-03-19 22:31:35.000,BUY,Up,0.18000001640001606,6.097555,0,"Bitcoin Up or Down - March 19, 6:30PM-6:35PM ET"
2026-03-19 22:31:35.000,BUY,Up,0.18,12,0,"Bitcoin Up or Down - March 19, 6:30PM-6:35PM ET"
2026-03-19 22:31:35.000,BUY,Up,0.18000001975905153,3.036583,0,"Bitcoin Up or Down - March 19, 6:30PM-6:35PM ET"
2026-03-19 22:31:33.000,BUY,Down,0.8100001216000438,5.263156,0,"Bitcoin Up or Down - March 19, 6:30PM-6:35PM ET"
2026-03-19 22:31:33.000,BUY,Down,0.8100000273600015,26.315788,0,"Bitcoin Up or Down - March 19, 6:30PM-6:35PM ET"
2026-03-19 22:31:33.000,BUY,Down,0.81,51.33,0,"Bitcoin Up or Down - March 19, 6:30PM-6:35PM ET"
2026-03-19 22:31:33.000,BUY,Down,0.8100000595180775,13.105262,0,"Bitcoin Up or Down - March 19, 6:30PM-6:35PM ET"
2026-03-19 22:31:33.000,BUY,Up,0.18000001975905153,3.036583,0,"Bitcoin Up or Down - March 19, 6:30PM-6:35PM ET"
2026-03-19 22:31:33.000,BUY,Up,0.18000003858826752,4.146338,0,"Bitcoin Up or Down - March 19, 6:30PM-6:35PM ET"
2026-03-19 22:31:33.000,BUY,Up,0.1800000206104309,6.792677,0,"Bitcoin Up or Down - March 19, 6:30PM-6:35PM ET"
2026-03-19 22:31:33.000,BUY,Up,0.29,5,0,"Bitcoin Up or Down - March 19, 6:30PM-6:45PM ET"
2026-03-19 22:31:33.000,BUY,Up,0.1800000193510434,8.268288,0,"Bitcoin Up or Down - March 19, 6:30PM-6:35PM ET"
2026-03-19 22:31:33.000,BUY,Up,0.18,2,0,"Bitcoin Up or Down - March 19, 6:30PM-6:35PM ET"
2026-03-19 22:31:33.000,BUY,Up,0.18000000713043576,8.414633,0,"Bitcoin Up or Down - March 19, 6:30PM-6:35PM ET"
2026-03-19 22:31:31.000,BUY,Down,0.810000161487461,3.963156,0,"Bitcoin Up or Down - March 19, 6:30PM-6:35PM ET"
2026-03-19 22:31:29.000,BUY,Down,0.8100000121383595,51.901577,0,"Bitcoin Up or Down - March 19, 6:30PM-6:35PM ET"
2026-03-19 22:31:29.000,BUY,Down,0.8200000288349538,22.888887,0,"Bitcoin Up or Down - March 19, 6:30PM-6:35PM ET"
2026-03-19 22:31:29.000,BUY,Down,0.8200001296000363,5.555554,0,"Bitcoin Up or Down - March 19, 6:30PM-6:35PM ET"
2026-03-19 22:31:29.000,BUY,Down,0.8200001296000363,5.555554,0,"Bitcoin Up or Down - March 19, 6:30PM-6:35PM ET"
2026-03-19 22:31:29.000,BUY,Down,0.82,33.64,0,"Bitcoin Up or Down - March 19, 6:30PM-6:35PM ET"
2026-03-19 22:31:29.000,BUY,Down,0.8200001296000363,5.555554,0,"Bitcoin Up or Down - March 19, 6:30PM-6:35PM ET"
2026-03-19 22:31:29.000,,,0,23.39,0,"Bitcoin Up or Down - March 19, 6:30PM-6:45PM ET"
2026-03-19 22:31:29.000,,,0,1375.620573,0,"Bitcoin Up or Down - March 19, 6:30PM-6:35PM ET"
2026-03-19 22:31:29.000,BUY,Down,0.81,24.44,0,"Bitcoin Up or Down - March 19, 6:30PM-6:35PM ET"
2026-03-19 22:31:29.000,BUY,Down,0.8100001216000438,5.263156,0,"Bitcoin Up or Down - March 19, 6:30PM-6:35PM ET"
2026-03-19 22:31:29.000,BUY,Down,0.8100001216000438,5.263156,0,"Bitcoin Up or Down - March 19, 6:30PM-6:35PM ET"
2026-03-19 22:31:29.000,BUY,Down,0.8100000595180775,13.105262,0,"Bitcoin Up or Down - March 19, 6:30PM-6:35PM ET"
2026-03-19 22:31:27.000,BUY,Down,0.8200000128801433,62.11111,0,"Bitcoin Up or Down - March 19, 6:30PM-6:35PM ET"
2026-03-19 22:31:27.000,BUY,Down,0.8200001296000363,5.555554,0,"Bitcoin Up or Down - March 19, 6:30PM-6:35PM ET"
2026-03-19 22:31:27.000,BUY,Down,0.82,5.27,0,"Bitcoin Up or Down - March 19, 6:30PM-6:35PM ET"
2026-03-19 22:31:27.000,BUY,Down,0.8200000549397644,13.833332,0,"Bitcoin Up or Down - March 19, 6:30PM-6:35PM ET"
2026-03-19 22:31:27.000,BUY,Down,0.8200001296000363,5.555554,0,"Bitcoin Up or Down - March 19, 6:30PM-6:35PM ET"
2026-03-19 22:31:27.000,BUY,Down,0.69,5,0,"Bitcoin Up or Down - March 19, 6:30PM-6:45PM ET"
2026-03-19 22:31:27.000,BUY,Down,0.7,5,0,"Bitcoin Up or Down - March 19, 6:30PM-6:45PM ET"
2026-03-19 22:31:27.000,BUY,Up,0.17000000120207728,58.232529,0,"Bitcoin Up or Down - March 19, 6:30PM-6:35PM ET"
2026-03-19 22:31:27.000,BUY,Down,0.82,4.71,0,"Bitcoin Up or Down - March 19, 6:30PM-6:35PM ET"
2026-03-19 22:31:27.000,BUY,Down,0.82,2.94,0,"Bitcoin Up or Down - March 19, 6:30PM-6:35PM ET"
2026-03-19 22:31:25.000,BUY,Down,0.8100003584908559,1.95263,0,"Bitcoin Up or Down - March 19, 6:30PM-6:35PM ET"
2026-03-19 22:31:25.000,BUY,Down,0.82,68.81,0,"Bitcoin Up or Down - March 19, 6:30PM-6:35PM ET"
2026-03-19 22:31:25.000,BUY,Down,0.8200000549397644,13.833332,0,"Bitcoin Up or Down - March 19, 6:30PM-6:35PM ET"
2026-03-19 22:31:25.000,BUY,Down,0.8100000263503662,28.842104,0,"Bitcoin Up or Down - March 19, 6:30PM-6:35PM ET"
2026-03-19 22:31:25.000,BUY,Down,0.8100001216000438,5.263156,0,"Bitcoin Up or Down - March 19, 6:30PM-6:35PM ET"
2026-03-19 22:31:25.000,BUY,Down,0.81,40.51,0,"Bitcoin Up or Down - March 19, 6:30PM-6:35PM ET"
2026-03-19 22:31:25.000,BUY,Up,0.18,7,0,"Bitcoin Up or Down - March 19, 6:30PM-6:35PM ET"
2026-03-19 22:31:25.000,BUY,Up,0.18,80,0,"Bitcoin Up or Down - March 19, 6:30PM-6:35PM ET"
2026-03-19 22:31:23.000,BUY,Down,0.81,5.03,0,"Bitcoin Up or Down - March 19, 6:30PM-6:35PM ET"
2026-03-19 22:31:23.000,BUY,Up,0.17,55,0,"Bitcoin Up or Down - March 19, 6:30PM-6:35PM ET"
2026-03-19 22:31:23.000,BUY,Down,0.82,17.35,0,"Bitcoin Up or Down - March 19, 6:30PM-6:35PM ET"
2026-03-19 22:31:23.000,BUY,Up,0.17,7.58,0,"Bitcoin Up or Down - March 19, 6:30PM-6:35PM ET"
2026-03-19 22:31:23.000,BUY,Up,0.17,2,0,"Bitcoin Up or Down - March 19, 6:30PM-6:35PM ET"
2026-03-19 22:31:23.000,BUY,Up,0.17000001361869957,11.748552,0,"Bitcoin Up or Down - March 19, 6:30PM-6:35PM ET"
2026-03-19 22:31:23.000,BUY,Up,0.17,7.14,0,"Bitcoin Up or Down - March 19, 6:30PM-6:35PM ET"
2026-03-19 22:31:23.000,BUY,Up,0.17,5,0,"Bitcoin Up or Down - March 19, 6:30PM-6:35PM ET"
2026-03-19 22:31:23.000,BUY,Down,0.8100001216000438,5.263156,0,"Bitcoin Up or Down - March 19, 6:30PM-6:35PM ET"
2026-03-19 22:31:23.000,BUY,Down,0.8100000595180775,13.105262,0,"Bitcoin Up or Down - March 19, 6:30PM-6:35PM ET"
2026-03-19 22:31:21.000,BUY,Down,0.8300001139000376,5.882351,0,"Bitcoin Up or Down - March 19, 6:30PM-6:35PM ET"
2026-03-19 22:31:21.000,BUY,Down,0.8300001139000376,5.882351,0,"Bitcoin Up or Down - March 19, 6:30PM-6:35PM ET"
2026-03-19 22:31:21.000,BUY,Down,0.8300001139000376,5.882351,0,"Bitcoin Up or Down - March 19, 6:30PM-6:35PM ET"
2026-03-19 22:31:21.000,BUY,Down,0.82,100,0,"Bitcoin Up or Down - March 19, 6:30PM-6:35PM ET"
2026-03-19 22:31:21.000,BUY,Down,0.83,92.41,0,"Bitcoin Up or Down - March 19, 6:30PM-6:35PM ET"
2026-03-19 22:31:21.000,BUY,Down,0.83,2.68,0,"Bitcoin Up or Down - March 19, 6:30PM-6:35PM ET"
2026-03-19 22:31:21.000,BUY,Down,0.8300000699428683,10.294116,0,"Bitcoin Up or Down - March 19, 6:30PM-6:35PM ET"
2026-03-19 22:31:21.000,BUY,Down,0.83,10,0,"Bitcoin Up or Down - March 19, 6:30PM-6:35PM ET"
2026-03-19 22:31:21.000,BUY,Down,0.83,5,0,"Bitcoin Up or Down - March 19, 6:30PM-6:35PM ET"
2026-03-19 22:31:21.000,BUY,Down,0.83,6.1,0,"Bitcoin Up or Down - March 19, 6:30PM-6:35PM ET"
2026-03-19 22:31:21.000,BUY,Down,0.71,5,0,"Bitcoin Up or Down - March 19, 6:30PM-6:45PM ET"
2026-03-19 22:31:21.000,BUY,Down,0.8300001139000376,5.882351,0,"Bitcoin Up or Down - March 19, 6:30PM-6:35PM ET"
2026-03-19 22:31:21.000,BUY,Down,0.8300000188888894,42.35294,0,"Bitcoin Up or Down - March 19, 6:30PM-6:35PM ET"
2026-03-19 22:31:19.000,BUY,Down,0.83,7.59,0,"Bitcoin Up or Down - March 19, 6:30PM-6:35PM ET"
2026-03-19 22:31:19.000,BUY,Down,0.84,43.39,0,"Bitcoin Up or Down - March 19, 6:30PM-6:35PM ET"
2026-03-19 22:31:19.000,BUY,Down,0.84,62.5,0,"Bitcoin Up or Down - March 19, 6:30PM-6:35PM ET"
2026-03-19 22:31:19.000,BUY,Down,0.84,1.54,0,"Bitcoin Up or Down - March 19, 6:30PM-6:35PM ET"
2026-03-19 22:31:19.000,BUY,Down,0.84,5,0,"Bitcoin Up or Down - March 19, 6:30PM-6:35PM ET"
2026-03-19 22:31:19.000,BUY,Down,0.84,6.25,0,"Bitcoin Up or Down - March 19, 6:30PM-6:35PM ET"
2026-03-19 22:31:19.000,BUY,Down,0.84,43.8125,0,"Bitcoin Up or Down - March 19, 6:30PM-6:35PM ET"
2026-03-19 22:31:17.000,BUY,Up,0.15,5,0,"Bitcoin Up or Down - March 19, 6:30PM-6:35PM ET"
2026-03-19 22:31:17.000,BUY,Up,0.15,2.9647,0,"Bitcoin Up or Down - March 19, 6:30PM-6:35PM ET"
2026-03-19 22:31:17.000,BUY,Up,0.13,7,0,"Bitcoin Up or Down - March 19, 6:30PM-6:35PM ET"
2026-03-19 22:31:17.000,BUY,Up,0.15,10.87,0,"Bitcoin Up or Down - March 19, 6:30PM-6:35PM ET"
2026-03-19 22:31:17.000,BUY,Up,0.15000004829550667,2.070586,0,"Bitcoin Up or Down - March 19, 6:30PM-6:35PM ET"
2026-03-19 22:31:17.000,BUY,Up,0.12,41,0,"Bitcoin Up or Down - March 19, 6:30PM-6:35PM ET"
2026-03-19 22:31:17.000,BUY,Up,0.12,3,0,"Bitcoin Up or Down - March 19, 6:30PM-6:35PM ET"
2026-03-19 22:31:17.000,BUY,Up,0.12999993256249284,12.268341,0,"Bitcoin Up or Down - March 19, 6:30PM-6:35PM ET"
2026-03-19 22:31:17.000,BUY,Up,0.12,56,0,"Bitcoin Up or Down - March 19, 6:30PM-6:35PM ET"
2026-03-19 22:31:17.000,BUY,Up,0.1300408398907885,321.63544599999994,0,"Bitcoin Up or Down - March 19, 6:30PM-6:35PM ET"
2026-03-19 22:31:17.000,BUY,Up,0.13,95.69301,0,"Bitcoin Up or Down - March 19, 6:30PM-6:35PM ET"
2026-03-19 22:31:17.000,BUY,Up,0.13,90.97,0,"Bitcoin Up or Down - March 19, 6:30PM-6:35PM ET"
2026-03-19 22:31:17.000,BUY,Up,0.14,100,0,"Bitcoin Up or Down - March 19, 6:30PM-6:35PM ET"
2026-03-19 22:31:17.000,BUY,Up,0.15,55.54,0,"Bitcoin Up or Down - March 19, 6:30PM-6:35PM ET"
2026-03-19 22:31:17.000,BUY,Up,0.13000003954554262,2.022984,0,"Bitcoin Up or Down - March 19, 6:30PM-6:35PM ET"
2026-03-19 22:31:17.000,BUY,Up,0.15000001700002005,5.882346,0,"Bitcoin Up or Down - March 19, 6:30PM-6:35PM ET"
2026-03-19 22:31:17.000,BUY,Up,0.15000000283333426,17.647053,0,"Bitcoin Up or Down - March 19, 6:30PM-6:35PM ET"
2026-03-19 22:31:15.000,BUY,Down,0.84,8.75,0,"Bitcoin Up or Down - March 19, 6:30PM-6:35PM ET"
2026-03-19 22:31:15.000,BUY,Down,0.83,4.19,0,"Bitcoin Up or Down - March 19, 6:30PM-6:35PM ET"
2026-03-19 22:31:15.000,BUY,Down,0.83,24.19,0,"Bitcoin Up or Down - March 19, 6:30PM-6:35PM ET"
2026-03-19 22:31:15.000,BUY,Down,0.75,1.12,0,"Bitcoin Up or Down - March 19, 6:30PM-6:45PM ET"
2026-03-19 22:31:15.000,BUY,Down,0.83,10,0,"Bitcoin Up or Down - March 19, 6:30PM-6:35PM ET"
2026-03-19 22:31:15.000,BUY,Down,0.72,5,0,"Bitcoin Up or Down - March 19, 6:30PM-6:45PM ET"
2026-03-19 22:31:15.000,BUY,Down,0.83,9,0,"Bitcoin Up or Down - March 19, 6:30PM-6:35PM ET"
2026-03-19 22:31:15.000,BUY,Down,0.83,6,0,"Bitcoin Up or Down - March 19, 6:30PM-6:35PM ET"
2026-03-19 22:31:15.000,BUY,Down,0.83,14,0,"Bitcoin Up or Down - March 19, 6:30PM-6:35PM ET"
2026-03-19 22:31:15.000,BUY,Down,0.83,11,0,"Bitcoin Up or Down - March 19, 6:30PM-6:35PM ET"
2026-03-19 22:31:15.000,BUY,Down,0.83,21.62,0,"Bitcoin Up or Down - March 19, 6:30PM-6:35PM ET"
2026-03-19 22:31:15.000,BUY,Down,0.75,3.88,0,"Bitcoin Up or Down - March 19, 6:30PM-6:45PM ET"
2026-03-19 22:31:15.000,BUY,Down,0.75,5,0,"Bitcoin Up or Down - March 19, 6:30PM-6:45PM ET"
2026-03-19 22:31:13.000,BUY,Down,0.88,36.54,0,"Bitcoin Up or Down - March 19, 6:30PM-6:35PM ET"
2026-03-19 22:31:13.000,BUY,Down,0.88,30,0,"Bitcoin Up or Down - March 19, 6:30PM-6:35PM ET"
2026-03-19 22:31:13.000,BUY,Down,0.76,5,0,"Bitcoin Up or Down - March 19, 6:30PM-6:45PM ET"
2026-03-19 22:31:13.000,BUY,Down,0.88,1,0,"Bitcoin Up or Down - March 19, 6:30PM-6:35PM ET"
2026-03-19 22:31:13.000,BUY,Down,0.74,5,0,"Bitcoin Up or Down - March 19, 6:30PM-6:45PM ET"
2026-03-19 22:31:13.000,BUY,Down,0.88,6,0,"Bitcoin Up or Down - March 19, 6:30PM-6:35PM ET"
2026-03-19 22:31:13.000,BUY,Down,0.88,4,0,"Bitcoin Up or Down - March 19, 6:30PM-6:35PM ET"
2026-03-19 22:31:13.000,BUY,Down,0.88,10,0,"Bitcoin Up or Down - March 19, 6:30PM-6:35PM ET"
2026-03-19 22:31:13.000,BUY,Down,0.75,5,0,"Bitcoin Up or Down - March 19, 6:30PM-6:45PM ET"
2026-03-19 22:31:13.000,BUY,Down,0.89,19.75,0,"Bitcoin Up or Down - March 19, 6:30PM-6:35PM ET"
2026-03-19 22:31:13.000,BUY,Down,0.8800000260784541,30.676665,0,"Bitcoin Up or Down - March 19, 6:30PM-6:35PM ET"
2026-03-19 22:31:13.000,BUY,Down,0.88,2.32,0,"Bitcoin Up or Down - March 19, 6:30PM-6:35PM ET"
2026-03-19 22:31:13.000,BUY,Down,0.89,36,0,"Bitcoin Up or Down - March 19, 6:30PM-6:35PM ET"
2026-03-19 22:31:11.000,BUY,Down,0.88,67,0,"Bitcoin Up or Down - March 19, 6:30PM-6:35PM ET"
2026-03-19 22:31:11.000,BUY,Up,0.1,4.29,0,"Bitcoin Up or Down - March 19, 6:30PM-6:35PM ET"
2026-03-19 22:31:11.000,BUY,Up,0.11,100,0,"Bitcoin Up or Down - March 19, 6:30PM-6:35PM ET"
2026-03-19 22:31:11.000,BUY,Up,0.12,2.93,0,"Bitcoin Up or Down - March 19, 6:30PM-6:35PM ET"
2026-03-19 22:31:11.000,BUY,Up,0.12,5.7,0,"Bitcoin Up or Down - March 19, 6:30PM-6:35PM ET"
2026-03-19 22:31:11.000,BUY,Up,0.12,50,0,"Bitcoin Up or Down - March 19, 6:30PM-6:35PM ET"
2026-03-19 22:31:11.000,BUY,Up,0.12000000352000104,11.363633,0,"Bitcoin Up or Down - March 19, 6:30PM-6:35PM ET"
2026-03-19 22:31:11.000,BUY,Up,0.12,30,0,"Bitcoin Up or Down - March 19, 6:30PM-6:35PM ET"
2026-03-19 22:31:09.000,BUY,Down,0.8500002992520196,2.673332,0,"Bitcoin Up or Down - March 19, 6:30PM-6:35PM ET"
2026-03-19 22:31:09.000,BUY,Down,0.84,26.89,0,"Bitcoin Up or Down - March 19, 6:30PM-6:35PM ET"
2026-03-19 22:31:09.000,BUY,Down,0.83,100,0,"Bitcoin Up or Down - March 19, 6:30PM-6:35PM ET"
2026-03-19 22:31:09.000,BUY,Down,0.84,100,0,"Bitcoin Up or Down - March 19, 6:30PM-6:35PM ET"
2026-03-19 22:31:09.000,BUY,Down,0.85,97.32,0,"Bitcoin Up or Down - March 19, 6:30PM-6:35PM ET"
2026-03-19 22:31:09.000,BUY,Up,0.15,10.44,0,"Bitcoin Up or Down - March 19, 6:30PM-6:35PM ET"
2026-03-19 22:31:05.000,BUY,Up,0.22,9.69,0,"Bitcoin Up or Down - March 19, 6:30PM-6:35PM ET"
2026-03-19 22:31:05.000,BUY,Up,0.22,1.28205,0,"Bitcoin Up or Down - March 19, 6:30PM-6:35PM ET"
2026-03-19 22:31:05.000,BUY,Down,0.7800000223492076,28.636362,0,"Bitcoin Up or Down - March 19, 6:30PM-6:35PM ET"
2026-03-19 22:31:05.000,BUY,Up,0.21,12.72,0,"Bitcoin Up or Down - March 19, 6:30PM-6:35PM ET"
2026-03-19 22:31:05.000,BUY,Down,0.76,22.33,0,"Bitcoin Up or Down - March 19, 6:30PM-6:35PM ET"
2026-03-19 22:31:03.000,BUY,Down,0.76,8.15625,0,"Bitcoin Up or Down - March 19, 6:30PM-6:35PM ET"
2026-03-19 22:31:03.000,BUY,Down,0.7600000144000005,41.666665,0,"Bitcoin Up or Down - March 19, 6:30PM-6:35PM ET"
2026-03-19 22:31:03.000,BUY,Up,0.22,2.3,0,"Bitcoin Up or Down - March 19, 6:30PM-6:35PM ET"
2026-03-19 22:31:03.000,BUY,Up,0.22000000156000046,12.820509,0,"Bitcoin Up or Down - March 19, 6:30PM-6:35PM ET"
2026-03-19 22:31:03.000,BUY,Up,0.22,77.95,0,"Bitcoin Up or Down - March 19, 6:30PM-6:35PM ET"
2026-03-19 22:31:03.000,BUY,Up,0.22,13.64,0,"Bitcoin Up or Down - March 19, 6:30PM-6:35PM ET"
2026-03-19 22:31:03.000,BUY,Up,0.22000001427831337,8.404354,0,"Bitcoin Up or Down - March 19, 6:30PM-6:35PM ET"
2026-03-19 22:31:03.000,BUY,Up,0.22,5,0,"Bitcoin Up or Down - March 19, 6:30PM-6:35PM ET"
2026-03-19 22:31:03.000,BUY,Up,0.22000001872000705,6.410254,0,"Bitcoin Up or Down - March 19, 6:30PM-6:35PM ET"
2026-03-19 22:31:03.000,BUY,Up,0.22000001872000705,6.410254,0,"Bitcoin Up or Down - March 19, 6:30PM-6:35PM ET"
2026-03-19 22:31:03.000,BUY,Up,0.22000000292189562,54.758972,0,"Bitcoin Up or Down - March 19, 6:30PM-6:35PM ET"
2026-03-19 22:31:03.000,BUY,Down,0.760000032640002,20.833332,0,"Bitcoin Up or Down - March 19, 6:30PM-6:35PM ET"
2026-03-19 22:31:03.000,BUY,Down,0.76,7,0,"Bitcoin Up or Down - March 19, 6:30PM-6:35PM ET"
2026-03-19 22:31:01.000,BUY,Up,0.21000000790002363,1.265819,0,"Bitcoin Up or Down - March 19, 6:30PM-6:35PM ET"
2026-03-19 22:31:01.000,BUY,Up,0.21,2,0,"Bitcoin Up or Down - March 19, 6:30PM-6:35PM ET"
2026-03-19 22:31:01.000,BUY,Down,0.7800001452000493,4.545453,0,"Bitcoin Up or Down - March 19, 6:30PM-6:35PM ET"
2026-03-19 22:31:01.000,BUY,Down,0.780000046933339,13.636362,0,"Bitcoin Up or Down - March 19, 6:30PM-6:35PM ET"
2026-03-19 22:31:01.000,BUY,Up,0.21000000790002363,1.265819,0,"Bitcoin Up or Down - March 19, 6:30PM-6:35PM ET"
2026-03-19 22:31:01.000,BUY,Down,0.77,3.23,0,"Bitcoin Up or Down - March 19, 6:30PM-6:35PM ET"
2026-03-19 22:31:01.000,BUY,Up,0.22,1.28205,0,"Bitcoin Up or Down - March 19, 6:30PM-6:35PM ET"
2026-03-19 22:31:01.000,BUY,Up,0.3,5,0,"Bitcoin Up or Down - March 19, 6:30PM-6:45PM ET"
2026-03-19 22:31:01.000,BUY,Up,0.21000000790002363,1.265819,0,"Bitcoin Up or Down - March 19, 6:30PM-6:35PM ET"
2026-03-19 22:31:01.000,BUY,Up,0.21000000747634298,4.012657,0,"Bitcoin Up or Down - March 19, 6:30PM-6:35PM ET"
2026-03-19 22:31:01.000,BUY,Up,0.2100000048318072,4.139238,0,"Bitcoin Up or Down - March 19, 6:30PM-6:35PM ET"
2026-03-19 22:31:01.000,BUY,Up,0.21000001343000516,12.658223,0,"Bitcoin Up or Down - March 19, 6:30PM-6:35PM ET"
2026-03-19 22:31:01.000,BUY,Up,0.21,9.8481,0,"Bitcoin Up or Down - March 19, 6:30PM-6:35PM ET"
2026-03-19 22:30:59.000,BUY,Up,0.21000000790002363,1.265819,0,"Bitcoin Up or Down - March 19, 6:30PM-6:35PM ET"
2026-03-19 22:30:59.000,BUY,Down,0.69,3.24,0,"Bitcoin Up or Down - March 19, 6:30PM-6:45PM ET"
2026-03-19 22:30:59.000,BUY,Down,0.77,3.18,0,"Bitcoin Up or Down - March 19, 6:30PM-6:35PM ET"
2026-03-19 22:30:59.000,BUY,Down,0.7800000103554622,56.009089,0,"Bitcoin Up or Down - March 19, 6:30PM-6:35PM ET"
2026-03-19 22:30:59.000,BUY,Up,0.21000000790002363,1.265819,0,"Bitcoin Up or Down - March 19, 6:30PM-6:35PM ET"
2026-03-19 22:30:59.000,BUY,Up,0.21,5,0,"Bitcoin Up or Down - March 19, 6:30PM-6:35PM ET"
2026-03-19 22:30:59.000,BUY,Up,0.21,10.96,0,"Bitcoin Up or Down - March 19, 6:30PM-6:35PM ET"
2026-03-19 22:30:59.000,BUY,Up,0.21,10,0,"Bitcoin Up or Down - March 19, 6:30PM-6:35PM ET"
2026-03-19 22:30:59.000,BUY,Up,0.21000000790002363,1.265819,0,"Bitcoin Up or Down - March 19, 6:30PM-6:35PM ET"
2026-03-19 22:30:59.000,BUY,Up,0.21000000790002363,1.265819,0,"Bitcoin Up or Down - March 19, 6:30PM-6:35PM ET"
2026-03-19 22:30:59.000,BUY,Up,0.21,7.87,0,"Bitcoin Up or Down - March 19, 6:30PM-6:35PM ET"
2026-03-19 22:30:59.000,BUY,Up,0.21,4.22,0,"Bitcoin Up or Down - March 19, 6:30PM-6:35PM ET"
2026-03-19 22:30:59.000,BUY,Up,0.21000002389680067,7.113923,0,"Bitcoin Up or Down - March 19, 6:30PM-6:35PM ET"
2026-03-19 22:30:59.000,BUY,Down,0.7800000515364532,13.194544,0,"Bitcoin Up or Down - March 19, 6:30PM-6:35PM ET"
2026-03-19 22:30:59.000,BUY,Up,0.21000009875015224,1.518985,0,"Bitcoin Up or Down - March 19, 6:30PM-6:35PM ET"
2026-03-19 22:30:59.000,BUY,Up,0.21,0.3,0,"Bitcoin Up or Down - March 19, 6:30PM-6:35PM ET"
2026-03-19 22:30:57.000,BUY,Down,0.770000037210495,15.318259,0,"Bitcoin Up or Down - March 19, 6:30PM-6:35PM ET"
2026-03-19 22:30:57.000,,,0,15,0,"Bitcoin Up or Down - March 19, 6:30PM-6:45PM ET"
2026-03-19 22:30:57.000,,,0,1223.481818,0,"Bitcoin Up or Down - March 19, 6:30PM-6:35PM ET"
2026-03-19 22:30:57.000,,,0,3015.726809,0,"Bitcoin Up or Down - March 19, 6:25PM-6:30PM ET"
2026-03-19 22:30:57.000,BUY,Up,0.21,11.53,0,"Bitcoin Up or Down - March 19, 6:30PM-6:35PM ET"
2026-03-19 22:30:57.000,BUY,Up,0.21000000096389856,62.247214,0,"Bitcoin Up or Down - March 19, 6:30PM-6:35PM ET"
2026-03-19 22:30:57.000,BUY,Up,0.21,20,0,"Bitcoin Up or Down - March 19, 6:30PM-6:35PM ET"
2026-03-19 22:30:57.000,BUY,Up,0.21000002828645123,4.949366,0,"Bitcoin Up or Down - March 19, 6:30PM-6:35PM ET"
2026-03-19 22:30:57.000,BUY,Down,0.69,1.76,0,"Bitcoin Up or Down - March 19, 6:30PM-6:45PM ET"
2026-03-19 22:30:57.000,BUY,Down,0.7700000107333336,65.21739,0,"Bitcoin Up or Down - March 19, 6:30PM-6:35PM ET"
2026-03-19 22:30:57.000,BUY,Down,0.7700000544333386,13.043477,0,"Bitcoin Up or Down - March 19, 6:30PM-6:35PM ET"
2026-03-19 22:30:55.000,BUY,Down,0.78,9.95,0,"Bitcoin Up or Down - March 19, 6:30PM-6:35PM ET"
2026-03-19 22:30:55.000,BUY,Down,0.78,24.23,0,"Bitcoin Up or Down - March 19, 6:30PM-6:35PM ET"
2026-03-19 22:30:55.000,BUY,Down,0.78,56.27,0,"Bitcoin Up or Down - March 19, 6:30PM-6:35PM ET"
2026-03-19 22:30:55.000,BUY,Down,0.77,100,0,"Bitcoin Up or Down - March 19, 6:30PM-6:35PM ET"
2026-03-19 22:30:55.000,BUY,Down,0.7800001452000493,4.545453,0,"Bitcoin Up or Down - March 19, 6:30PM-6:35PM ET"
2026-03-19 22:30:55.000,BUY,Down,0.78,0.42,0,"Bitcoin Up or Down - March 19, 6:30PM-6:35PM ET"
2026-03-19 22:30:55.000,BUY,Down,0.78,18.21,0,"Bitcoin Up or Down - March 19, 6:30PM-6:35PM ET"
2026-03-19 22:30:55.000,BUY,Down,0.7800000083574486,81.364544,0,"Bitcoin Up or Down - March 19, 6:30PM-6:35PM ET"
2026-03-19 22:30:55.000,BUY,Down,0.78,5,0,"Bitcoin Up or Down - March 19, 6:30PM-6:35PM ET"
2026-03-19 22:30:55.000,BUY,Up,0.23,100,0,"Bitcoin Up or Down - March 19, 6:30PM-6:35PM ET"
2026-03-19 22:30:53.000,BUY,Down,0.74,5.64,0,"Bitcoin Up or Down - March 19, 6:30PM-6:35PM ET"
2026-03-19 22:30:53.000,BUY,Down,0.7400001190840059,5.03846,0,"Bitcoin Up or Down - March 19, 6:30PM-6:35PM ET"
2026-03-19 22:30:53.000,BUY,Down,0.7400000742857323,7.269229,0,"Bitcoin Up or Down - March 19, 6:30PM-6:35PM ET"
2026-03-19 22:30:53.000,BUY,Down,0.74,2,0,"Bitcoin Up or Down - March 19, 6:30PM-6:35PM ET"
2026-03-19 22:30:53.000,BUY,Up,0.24,36.02,0,"Bitcoin Up or Down - March 19, 6:30PM-6:35PM ET"
2026-03-19 22:30:53.000,BUY,Up,0.24,23.98,0,"Bitcoin Up or Down - March 19, 6:30PM-6:35PM ET"
2026-03-19 22:30:53.000,BUY,Up,0.24,40,0,"Bitcoin Up or Down - March 19, 6:30PM-6:35PM ET"
2026-03-19 22:30:53.000,BUY,Down,0.74,0.43,0,"Bitcoin Up or Down - March 19, 6:30PM-6:35PM ET"
2026-03-19 22:30:53.000,BUY,Down,0.74,40,0,"Bitcoin Up or Down - March 19, 6:30PM-6:35PM ET"
2026-03-19 22:30:53.000,BUY,Down,0.74,5.68,0,"Bitcoin Up or Down - March 19, 6:30PM-6:35PM ET"
2026-03-19 22:30:51.000,BUY,Up,0.25,2.59,0,"Bitcoin Up or Down - March 19, 6:30PM-6:35PM ET"
2026-03-19 22:30:51.000,BUY,Down,0.73,1.11,0,"Bitcoin Up or Down - March 19, 6:30PM-6:35PM ET"
2026-03-19 22:30:51.000,BUY,Up,0.25,8.03,0,"Bitcoin Up or Down - March 19, 6:30PM-6:35PM ET"
2026-03-19 22:30:51.000,BUY,Up,0.25,14.2,0,"Bitcoin Up or Down - March 19, 6:30PM-6:35PM ET"
2026-03-19 22:30:51.000,BUY,Up,0.25,5,0,"Bitcoin Up or Down - March 19, 6:30PM-6:35PM ET"
2026-03-19 22:30:51.000,BUY,Down,0.7400001352000649,3.846152,0,"Bitcoin Up or Down - March 19, 6:30PM-6:35PM ET"
2026-03-19 22:30:51.000,BUY,Down,0.74,5,0,"Bitcoin Up or Down - March 19, 6:30PM-6:35PM ET"
2026-03-19 22:30:51.000,BUY,Down,0.7400000247193782,25.081537,0,"Bitcoin Up or Down - March 19, 6:30PM-6:35PM ET"
2026-03-19 22:30:51.000,BUY,Up,0.24,15,0,"Bitcoin Up or Down - March 19, 6:30PM-6:35PM ET"
2026-03-19 22:30:51.000,BUY,Down,0.7300001458000671,3.703702,0,"Bitcoin Up or Down - March 19, 6:30PM-6:35PM ET"
2026-03-19 22:30:51.000,BUY,Up,0.24000000456000042,26.315787,0,"Bitcoin Up or Down - March 19, 6:30PM-6:35PM ET"
2026-03-19 22:30:51.000,BUY,Down,0.7300001458000671,3.703702,0,"Bitcoin Up or Down - March 19, 6:30PM-6:35PM ET"
2026-03-19 22:30:51.000,BUY,Up,0.24,11.8,0,"Bitcoin Up or Down - March 19, 6:30PM-6:35PM ET"
2026-03-19 22:30:51.000,BUY,Up,0.25,5,0,"Bitcoin Up or Down - March 19, 6:30PM-6:35PM ET"
2026-03-19 22:30:51.000,BUY,Up,0.25,6,0,"Bitcoin Up or Down - March 19, 6:30PM-6:35PM ET"
2026-03-19 22:30:51.000,BUY,Up,0.24,10,0,"Bitcoin Up or Down - March 19, 6:30PM-6:35PM ET"
2026-03-19 22:30:51.000,BUY,Up,0.24,15,0,"Bitcoin Up or Down - March 19, 6:30PM-6:35PM ET"
2026-03-19 22:30:51.000,BUY,Up,0.24,15,0,"Bitcoin Up or Down - March 19, 6:30PM-6:35PM ET"
2026-03-19 22:30:51.000,BUY,Up,0.240000023262945,6.877891,0,"Bitcoin Up or Down - March 19, 6:30PM-6:35PM ET"
2026-03-19 22:30:51.000,BUY,Down,0.73,4.92,0,"Bitcoin Up or Down - March 19, 6:30PM-6:35PM ET"
2026-03-19 22:30:51.000,BUY,Up,0.25,40,0,"Bitcoin Up or Down - March 19, 6:30PM-6:35PM ET"
2026-03-19 22:30:51.000,BUY,Up,0.25,0.67,0,"Bitcoin Up or Down - March 19, 6:30PM-6:35PM ET"
2026-03-19 22:30:49.000,BUY,Up,0.25,18.503332,0,"Bitcoin Up or Down - March 19, 6:30PM-6:35PM ET"
2026-03-19 22:30:49.000,BUY,Up,0.2600000049356843,28.364861,0,"Bitcoin Up or Down - March 19, 6:30PM-6:35PM ET"
2026-03-19 22:30:49.000,BUY,Up,0.26,9.87,0,"Bitcoin Up or Down - March 19, 6:30PM-6:35PM ET"
2026-03-19 22:30:49.000,BUY,Up,0.26,15,0,"Bitcoin Up or Down - March 19, 6:30PM-6:35PM ET"
2026-03-19 22:30:49.000,BUY,Up,0.26,5.24,0,"Bitcoin Up or Down - March 19, 6:30PM-6:35PM ET"
2026-03-19 22:30:49.000,BUY,Up,0.2600000100680322,7.945942,0,"Bitcoin Up or Down - March 19, 6:30PM-6:35PM ET"
2026-03-19 22:30:49.000,BUY,Up,0.2600000053857358,18.567565,0,"Bitcoin Up or Down - March 19, 6:30PM-6:35PM ET"
2026-03-19 22:30:49.000,BUY,Up,0.26,15,0,"Bitcoin Up or Down - March 19, 6:30PM-6:35PM ET"
2026-03-19 22:30:47.000,BUY,Up,0.34,1.49,0,"Bitcoin Up or Down - March 19, 6:30PM-6:45PM ET"
2026-03-19 22:30:47.000,BUY,Up,0.34000007415095024,3.506361,0,"Bitcoin Up or Down - March 19, 6:30PM-6:45PM ET"
2026-03-19 22:30:47.000,BUY,Up,0.27,12.46,0,"Bitcoin Up or Down - March 19, 6:30PM-6:35PM ET"
2026-03-19 22:30:47.000,BUY,Up,0.27,9,0,"Bitcoin Up or Down - March 19, 6:30PM-6:35PM ET"
2026-03-19 22:30:47.000,BUY,Up,0.27000018980014046,1.369862,0,"Bitcoin Up or Down - March 19, 6:30PM-6:35PM ET"
2026-03-19 22:30:47.000,BUY,Up,0.27,20.2,0,"Bitcoin Up or Down - March 19, 6:30PM-6:35PM ET"
2026-03-19 22:30:47.000,BUY,Up,0.33,5,0,"Bitcoin Up or Down - March 19, 6:30PM-6:45PM ET"
2026-03-19 22:30:47.000,BUY,Up,0.27,19,0,"Bitcoin Up or Down - March 19, 6:30PM-6:35PM ET"
2026-03-19 22:30:47.000,BUY,Up,0.27000018980014046,1.369862,0,"Bitcoin Up or Down - March 19, 6:30PM-6:35PM ET"
2026-03-19 22:30:47.000,BUY,Up,0.27,9,0,"Bitcoin Up or Down - March 19, 6:30PM-6:35PM ET"
2026-03-19 22:30:47.000,BUY,Up,0.34,5,0,"Bitcoin Up or Down - March 19, 6:30PM-6:45PM ET"
2026-03-19 22:30:47.000,BUY,Up,0.27000001241000104,13.698629,0,"Bitcoin Up or Down - March 19, 6:30PM-6:35PM ET"
2026-03-19 22:30:47.000,BUY,Up,0.2700000079191344,13.890407,0,"Bitcoin Up or Down - March 19, 6:30PM-6:35PM ET"
2026-03-19 22:30:47.000,BUY,Down,0.65,5,0,"Bitcoin Up or Down - March 19, 6:30PM-6:45PM ET"
2026-03-19 22:30:43.000,BUY,Down,0.6100000226200032,12.820511,0,"Bitcoin Up or Down - March 19, 6:30PM-6:35PM ET"
2026-03-19 22:30:43.000,BUY,Down,0.6100000442000098,7.692306,0,"Bitcoin Up or Down - March 19, 6:30PM-6:35PM ET"
2026-03-19 22:30:43.000,BUY,Down,0.6100001521000927,2.564101,0,"Bitcoin Up or Down - March 19, 6:30PM-6:35PM ET"
2026-03-19 22:30:43.000,BUY,Down,0.6100001521000927,2.564101,0,"Bitcoin Up or Down - March 19, 6:30PM-6:35PM ET"
2026-03-19 22:30:43.000,BUY,Down,0.6100000310408202,12.564101,0,"Bitcoin Up or Down - March 19, 6:30PM-6:35PM ET"
2026-03-19 22:30:43.000,BUY,Down,0.610000109200024,5.128204,0,"Bitcoin Up or Down - March 19, 6:30PM-6:35PM ET"
2026-03-19 22:30:43.000,BUY,Down,0.61,7.08,0,"Bitcoin Up or Down - March 19, 6:30PM-6:35PM ET"
2026-03-19 22:30:43.000,BUY,Up,0.38,5,0,"Bitcoin Up or Down - March 19, 6:30PM-6:35PM ET"
2026-03-19 22:30:43.000,BUY,Down,0.6100000484974284,4.948716,0,"Bitcoin Up or Down - March 19, 6:30PM-6:35PM ET"
2026-03-19 22:30:43.000,BUY,Down,0.6100000140400009,25.641024,0,"Bitcoin Up or Down - March 19, 6:30PM-6:35PM ET"
2026-03-19 22:30:41.000,BUY,Up,0.41,2,0,"Bitcoin Up or Down - March 19, 6:30PM-6:45PM ET"
2026-03-19 22:30:41.000,BUY,Down,0.6100000226200032,12.820511,0,"Bitcoin Up or Down - March 19, 6:30PM-6:35PM ET"
2026-03-19 22:30:41.000,BUY,Down,0.6100001521000927,2.564101,0,"Bitcoin Up or Down - March 19, 6:30PM-6:35PM ET"
2026-03-19 22:30:41.000,BUY,Down,0.6100001016655069,3.541024,0,"Bitcoin Up or Down - March 19, 6:30PM-6:35PM ET"
2026-03-19 22:30:41.000,BUY,Down,0.610000109200024,5.128204,0,"Bitcoin Up or Down - March 19, 6:30PM-6:35PM ET"
2026-03-19 22:30:41.000,BUY,Down,0.61,8.25,0,"Bitcoin Up or Down - March 19, 6:30PM-6:35PM ET"
2026-03-19 22:30:41.000,BUY,Down,0.6100000995744851,6.02564,0,"Bitcoin Up or Down - March 19, 6:30PM-6:35PM ET"
2026-03-19 22:30:39.000,BUY,Up,0.41,5,0,"Bitcoin Up or Down - March 19, 6:30PM-6:45PM ET"
2026-03-19 22:30:39.000,BUY,Up,0.41,3,0,"Bitcoin Up or Down - March 19, 6:30PM-6:45PM ET"
2026-03-19 22:30:37.000,BUY,Up,0.3700000262963901,11.40841,0,"Bitcoin Up or Down - March 19, 6:30PM-6:35PM ET"
2026-03-19 22:30:37.000,BUY,Up,0.41,5,0,"Bitcoin Up or Down - March 19, 6:30PM-6:45PM ET"
2026-03-19 22:30:37.000,BUY,Up,0.35,33.7,0,"Bitcoin Up or Down - March 19, 6:30PM-6:35PM ET"
2026-03-19 22:30:59.000,BUY,Up,0.21000000790002363,1.265819,0,"Bitcoin Up or Down - March 19, 6:30PM-6:35PM ET"
2026-03-19 22:30:59.000,BUY,Up,0.21,7.87,0,"Bitcoin Up or Down - March 19, 6:30PM-6:35PM ET"
2026-03-19 22:30:59.000,BUY,Up,0.21,4.22,0,"Bitcoin Up or Down - March 19, 6:30PM-6:35PM ET"
2026-03-19 22:30:59.000,BUY,Up,0.21000002389680067,7.113923,0,"Bitcoin Up or Down - March 19, 6:30PM-6:35PM ET"
2026-03-19 22:30:59.000,BUY,Down,0.7800000515364532,13.194544,0,"Bitcoin Up or Down - March 19, 6:30PM-6:35PM ET"
2026-03-19 22:30:59.000,BUY,Up,0.21000009875015224,1.518985,0,"Bitcoin Up or Down - March 19, 6:30PM-6:35PM ET"
2026-03-19 22:30:59.000,BUY,Up,0.21,0.3,0,"Bitcoin Up or Down - March 19, 6:30PM-6:35PM ET"
2026-03-19 22:30:57.000,BUY,Down,0.770000037210495,15.318259,0,"Bitcoin Up or Down - March 19, 6:30PM-6:35PM ET"
2026-03-19 22:30:57.000,,,0,15,0,"Bitcoin Up or Down - March 19, 6:30PM-6:45PM ET"
2026-03-19 22:30:57.000,,,0,1223.481818,0,"Bitcoin Up or Down - March 19, 6:30PM-6:35PM ET"
2026-03-19 22:30:57.000,,,0,3015.726809,0,"Bitcoin Up or Down - March 19, 6:25PM-6:30PM ET"
2026-03-19 22:30:57.000,BUY,Up,0.21,11.53,0,"Bitcoin Up or Down - March 19, 6:30PM-6:35PM ET"
2026-03-19 22:30:57.000,BUY,Up,0.21000000096389856,62.247214,0,"Bitcoin Up or Down - March 19, 6:30PM-6:35PM ET"
2026-03-19 22:30:57.000,BUY,Up,0.21,20,0,"Bitcoin Up or Down - March 19, 6:30PM-6:35PM ET"
2026-03-19 22:30:57.000,BUY,Up,0.21000002828645123,4.949366,0,"Bitcoin Up or Down - March 19, 6:30PM-6:35PM ET"
2026-03-19 22:30:57.000,BUY,Down,0.69,1.76,0,"Bitcoin Up or Down - March 19, 6:30PM-6:45PM ET"
2026-03-19 22:30:57.000,BUY,Down,0.7700000107333336,65.21739,0,"Bitcoin Up or Down - March 19, 6:30PM-6:35PM ET"
2026-03-19 22:30:57.000,BUY,Down,0.7700000544333386,13.043477,0,"Bitcoin Up or Down - March 19, 6:30PM-6:35PM ET"
2026-03-19 22:30:55.000,BUY,Down,0.78,9.95,0,"Bitcoin Up or Down - March 19, 6:30PM-6:35PM ET"
2026-03-19 22:30:55.000,BUY,Down,0.78,24.23,0,"Bitcoin Up or Down - March 19, 6:30PM-6:35PM ET"
2026-03-19 22:30:55.000,BUY,Down,0.78,56.27,0,"Bitcoin Up or Down - March 19, 6:30PM-6:35PM ET"
2026-03-19 22:30:55.000,BUY,Down,0.77,100,0,"Bitcoin Up or Down - March 19, 6:30PM-6:35PM ET"
2026-03-19 22:30:55.000,BUY,Down,0.7800001452000493,4.545453,0,"Bitcoin Up or Down - March 19, 6:30PM-6:35PM ET"
2026-03-19 22:30:55.000,BUY,Down,0.78,0.42,0,"Bitcoin Up or Down - March 19, 6:30PM-6:35PM ET"
2026-03-19 22:30:55.000,BUY,Down,0.78,18.21,0,"Bitcoin Up or Down - March 19, 6:30PM-6:35PM ET"
2026-03-19 22:30:55.000,BUY,Down,0.7800000083574486,81.364544,0,"Bitcoin Up or Down - March 19, 6:30PM-6:35PM ET"
2026-03-19 22:30:55.000,BUY,Down,0.78,5,0,"Bitcoin Up or Down - March 19, 6:30PM-6:35PM ET"
2026-03-19 22:30:55.000,BUY,Up,0.23,100,0,"Bitcoin Up or Down - March 19, 6:30PM-6:35PM ET"
2026-03-19 22:30:53.000,BUY,Down,0.74,5.64,0,"Bitcoin Up or Down - March 19, 6:30PM-6:35PM ET"
2026-03-19 22:30:53.000,BUY,Down,0.7400001190840059,5.03846,0,"Bitcoin Up or Down - March 19, 6:30PM-6:35PM ET"
2026-03-19 22:30:53.000,BUY,Down,0.7400000742857323,7.269229,0,"Bitcoin Up or Down - March 19, 6:30PM-6:35PM ET"
2026-03-19 22:30:53.000,BUY,Down,0.74,2,0,"Bitcoin Up or Down - March 19, 6:30PM-6:35PM ET"
2026-03-19 22:30:53.000,BUY,Up,0.24,36.02,0,"Bitcoin Up or Down - March 19, 6:30PM-6:35PM ET"
2026-03-19 22:30:53.000,BUY,Up,0.24,23.98,0,"Bitcoin Up or Down - March 19, 6:30PM-6:35PM ET"
2026-03-19 22:30:53.000,BUY,Up,0.24,40,0,"Bitcoin Up or Down - March 19, 6:30PM-6:35PM ET"
2026-03-19 22:30:53.000,BUY,Down,0.74,0.43,0,"Bitcoin Up or Down - March 19, 6:30PM-6:35PM ET"
2026-03-19 22:30:53.000,BUY,Down,0.74,40,0,"Bitcoin Up or Down - March 19, 6:30PM-6:35PM ET"
2026-03-19 22:30:53.000,BUY,Down,0.74,5.68,0,"Bitcoin Up or Down - March 19, 6:30PM-6:35PM ET"
2026-03-19 22:30:51.000,BUY,Up,0.25,2.59,0,"Bitcoin Up or Down - March 19, 6:30PM-6:35PM ET"
2026-03-19 22:30:51.000,BUY,Down,0.73,1.11,0,"Bitcoin Up or Down - March 19, 6:30PM-6:35PM ET"
2026-03-19 22:30:51.000,BUY,Up,0.25,8.03,0,"Bitcoin Up or Down - March 19, 6:30PM-6:35PM ET"
2026-03-19 22:30:51.000,BUY,Up,0.25,14.2,0,"Bitcoin Up or Down - March 19, 6:30PM-6:35PM ET"
2026-03-19 22:30:51.000,BUY,Up,0.25,5,0,"Bitcoin Up or Down - March 19, 6:30PM-6:35PM ET"
2026-03-19 22:30:51.000,BUY,Down,0.7400001352000649,3.846152,0,"Bitcoin Up or Down - March 19, 6:30PM-6:35PM ET"
2026-03-19 22:30:51.000,BUY,Down,0.74,5,0,"Bitcoin Up or Down - March 19, 6:30PM-6:35PM ET"
2026-03-19 22:30:51.000,BUY,Down,0.7400000247193782,25.081537,0,"Bitcoin Up or Down - March 19, 6:30PM-6:35PM ET"
2026-03-19 22:30:51.000,BUY,Up,0.24,15,0,"Bitcoin Up or Down - March 19, 6:30PM-6:35PM ET"
2026-03-19 22:30:51.000,BUY,Down,0.7300001458000671,3.703702,0,"Bitcoin Up or Down - March 19, 6:30PM-6:35PM ET"
2026-03-19 22:30:51.000,BUY,Up,0.24000000456000042,26.315787,0,"Bitcoin Up or Down - March 19, 6:30PM-6:35PM ET"
2026-03-19 22:30:51.000,BUY,Down,0.7300001458000671,3.703702,0,"Bitcoin Up or Down - March 19, 6:30PM-6:35PM ET"
2026-03-19 22:30:51.000,BUY,Up,0.24,11.8,0,"Bitcoin Up or Down - March 19, 6:30PM-6:35PM ET"
2026-03-19 22:30:51.000,BUY,Up,0.25,5,0,"Bitcoin Up or Down - March 19, 6:30PM-6:35PM ET"
2026-03-19 22:30:51.000,BUY,Up,0.25,6,0,"Bitcoin Up or Down - March 19, 6:30PM-6:35PM ET"
2026-03-19 22:30:51.000,BUY,Up,0.24,10,0,"Bitcoin Up or Down - March 19, 6:30PM-6:35PM ET"
2026-03-19 22:30:51.000,BUY,Up,0.24,15,0,"Bitcoin Up or Down - March 19, 6:30PM-6:35PM ET"
2026-03-19 22:30:51.000,BUY,Up,0.24,15,0,"Bitcoin Up or Down - March 19, 6:30PM-6:35PM ET"
2026-03-19 22:30:51.000,BUY,Up,0.240000023262945,6.877891,0,"Bitcoin Up or Down - March 19, 6:30PM-6:35PM ET"
2026-03-19 22:30:51.000,BUY,Down,0.73,4.92,0,"Bitcoin Up or Down - March 19, 6:30PM-6:35PM ET"
2026-03-19 22:30:51.000,BUY,Up,0.25,40,0,"Bitcoin Up or Down - March 19, 6:30PM-6:35PM ET"
2026-03-19 22:30:51.000,BUY,Up,0.25,0.67,0,"Bitcoin Up or Down - March 19, 6:30PM-6:35PM ET"
2026-03-19 22:30:49.000,BUY,Up,0.25,18.503332,0,"Bitcoin Up or Down - March 19, 6:30PM-6:35PM ET"
2026-03-19 22:30:49.000,BUY,Up,0.2600000049356843,28.364861,0,"Bitcoin Up or Down - March 19, 6:30PM-6:35PM ET"
2026-03-19 22:30:49.000,BUY,Up,0.26,9.87,0,"Bitcoin Up or Down - March 19, 6:30PM-6:35PM ET"
2026-03-19 22:30:49.000,BUY,Up,0.26,15,0,"Bitcoin Up or Down - March 19, 6:30PM-6:35PM ET"
2026-03-19 22:30:49.000,BUY,Up,0.26,5.24,0,"Bitcoin Up or Down - March 19, 6:30PM-6:35PM ET"
2026-03-19 22:30:49.000,BUY,Up,0.2600000100680322,7.945942,0,"Bitcoin Up or Down - March 19, 6:30PM-6:35PM ET"
2026-03-19 22:30:49.000,BUY,Up,0.2600000053857358,18.567565,0,"Bitcoin Up or Down - March 19, 6:30PM-6:35PM ET"
2026-03-19 22:30:49.000,BUY,Up,0.26,15,0,"Bitcoin Up or Down - March 19, 6:30PM-6:35PM ET"
2026-03-19 22:30:47.000,BUY,Up,0.34,1.49,0,"Bitcoin Up or Down - March 19, 6:30PM-6:45PM ET"
2026-03-19 22:30:47.000,BUY,Up,0.34000007415095024,3.506361,0,"Bitcoin Up or Down - March 19, 6:30PM-6:45PM ET"
2026-03-19 22:30:47.000,BUY,Up,0.27,12.46,0,"Bitcoin Up or Down - March 19, 6:30PM-6:35PM ET"
2026-03-19 22:30:47.000,BUY,Up,0.27,9,0,"Bitcoin Up or Down - March 19, 6:30PM-6:35PM ET"
2026-03-19 22:30:47.000,BUY,Up,0.27000018980014046,1.369862,0,"Bitcoin Up or Down - March 19, 6:30PM-6:35PM ET"
2026-03-19 22:30:47.000,BUY,Up,0.27,20.2,0,"Bitcoin Up or Down - March 19, 6:30PM-6:35PM ET"
2026-03-19 22:30:47.000,BUY,Up,0.33,5,0,"Bitcoin Up or Down - March 19, 6:30PM-6:45PM ET"
2026-03-19 22:30:47.000,BUY,Up,0.27,19,0,"Bitcoin Up or Down - March 19, 6:30PM-6:35PM ET"
2026-03-19 22:30:47.000,BUY,Up,0.27000018980014046,1.369862,0,"Bitcoin Up or Down - March 19, 6:30PM-6:35PM ET"
2026-03-19 22:30:47.000,BUY,Up,0.27,9,0,"Bitcoin Up or Down - March 19, 6:30PM-6:35PM ET"
2026-03-19 22:30:47.000,BUY,Up,0.34,5,0,"Bitcoin Up or Down - March 19, 6:30PM-6:45PM ET"
2026-03-19 22:30:47.000,BUY,Up,0.27000001241000104,13.698629,0,"Bitcoin Up or Down - March 19, 6:30PM-6:35PM ET"
2026-03-19 22:30:47.000,BUY,Up,0.2700000079191344,13.890407,0,"Bitcoin Up or Down - March 19, 6:30PM-6:35PM ET"
2026-03-19 22:30:47.000,BUY,Down,0.65,5,0,"Bitcoin Up or Down - March 19, 6:30PM-6:45PM ET"
2026-03-19 22:30:43.000,BUY,Down,0.6100000226200032,12.820511,0,"Bitcoin Up or Down - March 19, 6:30PM-6:35PM ET"
2026-03-19 22:30:43.000,BUY,Down,0.6100000442000098,7.692306,0,"Bitcoin Up or Down - March 19, 6:30PM-6:35PM ET"
2026-03-19 22:30:43.000,BUY,Down,0.6100001521000927,2.564101,0,"Bitcoin Up or Down - March 19, 6:30PM-6:35PM ET"
2026-03-19 22:30:43.000,BUY,Down,0.6100001521000927,2.564101,0,"Bitcoin Up or Down - March 19, 6:30PM-6:35PM ET"
2026-03-19 22:30:43.000,BUY,Down,0.6100000310408202,12.564101,0,"Bitcoin Up or Down - March 19, 6:30PM-6:35PM ET"
2026-03-19 22:30:43.000,BUY,Down,0.610000109200024,5.128204,0,"Bitcoin Up or Down - March 19, 6:30PM-6:35PM ET"
2026-03-19 22:30:43.000,BUY,Down,0.61,7.08,0,"Bitcoin Up or Down - March 19, 6:30PM-6:35PM ET"
2026-03-19 22:30:43.000,BUY,Up,0.38,5,0,"Bitcoin Up or Down - March 19, 6:30PM-6:35PM ET"
2026-03-19 22:30:43.000,BUY,Down,0.6100000484974284,4.948716,0,"Bitcoin Up or Down - March 19, 6:30PM-6:35PM ET"
2026-03-19 22:30:43.000,BUY,Down,0.6100000140400009,25.641024,0,"Bitcoin Up or Down - March 19, 6:30PM-6:35PM ET"
2026-03-19 22:30:41.000,BUY,Up,0.41,2,0,"Bitcoin Up or Down - March 19, 6:30PM-6:45PM ET"
2026-03-19 22:30:41.000,BUY,Down,0.6100000226200032,12.820511,0,"Bitcoin Up or Down - March 19, 6:30PM-6:35PM ET"
2026-03-19 22:30:41.000,BUY,Down,0.6100001521000927,2.564101,0,"Bitcoin Up or Down - March 19, 6:30PM-6:35PM ET"
2026-03-19 22:30:41.000,BUY,Down,0.6100001016655069,3.541024,0,"Bitcoin Up or Down - March 19, 6:30PM-6:35PM ET"
2026-03-19 22:30:41.000,BUY,Down,0.610000109200024,5.128204,0,"Bitcoin Up or Down - March 19, 6:30PM-6:35PM ET"
2026-03-19 22:30:41.000,BUY,Down,0.61,8.25,0,"Bitcoin Up or Down - March 19, 6:30PM-6:35PM ET"
2026-03-19 22:30:41.000,BUY,Down,0.6100000995744851,6.02564,0,"Bitcoin Up or Down - March 19, 6:30PM-6:35PM ET"
2026-03-19 22:30:39.000,BUY,Up,0.41,5,0,"Bitcoin Up or Down - March 19, 6:30PM-6:45PM ET"
2026-03-19 22:30:39.000,BUY,Up,0.41,3,0,"Bitcoin Up or Down - March 19, 6:30PM-6:45PM ET"
2026-03-19 22:30:37.000,BUY,Up,0.3700000262963901,11.40841,0,"Bitcoin Up or Down - March 19, 6:30PM-6:35PM ET"
2026-03-19 22:30:37.000,BUY,Up,0.41,5,0,"Bitcoin Up or Down - March 19, 6:30PM-6:45PM ET"
2026-03-19 22:30:37.000,BUY,Up,0.35,33.7,0,"Bitcoin Up or Down - March 19, 6:30PM-6:35PM ET"
2026-03-19 22:30:37.000,BUY,Up,0.36,100,0,"Bitcoin Up or Down - March 19, 6:30PM-6:35PM ET"
2026-03-19 22:30:37.000,BUY,Up,0.37,21.19,0,"Bitcoin Up or Down - March 19, 6:30PM-6:35PM ET"
2026-03-19 22:30:37.000,BUY,Up,0.3700000155895238,10.904759,0,"Bitcoin Up or Down - March 19, 6:30PM-6:35PM ET"
2026-03-19 22:30:37.000,BUY,Up,0.3700000026561902,41.412697,0,"Bitcoin Up or Down - March 19, 6:30PM-6:35PM ET"
2026-03-19 22:30:37.000,BUY,Up,0.37,2,0,"Bitcoin Up or Down - March 19, 6:30PM-6:35PM ET"
2026-03-19 22:30:37.000,BUY,Up,0.37,10.1,0,"Bitcoin Up or Down - March 19, 6:30PM-6:35PM ET"
2026-03-19 22:30:37.000,BUY,Up,0.37000004379683527,2.968251,0,"Bitcoin Up or Down - March 19, 6:30PM-6:35PM ET"
2026-03-19 22:30:35.000,BUY,Up,0.35,1.53846,0,"Bitcoin Up or Down - March 19, 6:30PM-6:35PM ET"
2026-03-19 22:30:35.000,BUY,Down,0.62,59.5,0,"Bitcoin Up or Down - March 19, 6:30PM-6:35PM ET"
2026-03-19 22:30:35.000,BUY,Up,0.35000000650000057,15.384614,0,"Bitcoin Up or Down - March 19, 6:30PM-6:35PM ET"
2026-03-19 22:30:35.000,BUY,Up,0.35,5,0,"Bitcoin Up or Down - March 19, 6:30PM-6:35PM ET"
2026-03-19 22:30:35.000,BUY,Down,0.6200000074083705,40.494735,0,"Bitcoin Up or Down - March 19, 6:30PM-6:35PM ET"
2026-03-19 22:30:35.000,BUY,Down,0.63,100,0,"Bitcoin Up or Down - March 19, 6:30PM-6:35PM ET"
2026-03-19 22:30:35.000,BUY,Up,0.35,1.53846,0,"Bitcoin Up or Down - March 19, 6:30PM-6:35PM ET"
2026-03-19 22:30:35.000,BUY,Up,0.35,2,0,"Bitcoin Up or Down - March 19, 6:30PM-6:35PM ET"
2026-03-19 22:30:35.000,BUY,Up,0.35000000650000057,15.384614,0,"Bitcoin Up or Down - March 19, 6:30PM-6:35PM ET"
2026-03-19 22:30:35.000,BUY,Up,0.35,4.93846,0,"Bitcoin Up or Down - March 19, 6:30PM-6:35PM ET"
2026-03-19 22:30:35.000,BUY,Up,0.35,1.53846,0,"Bitcoin Up or Down - March 19, 6:30PM-6:35PM ET"
2026-03-19 22:30:33.000,BUY,Up,0.36,100,0,"Bitcoin Up or Down - March 19, 6:30PM-6:35PM ET"
2026-03-19 22:30:33.000,BUY,Up,0.41,5,0,"Bitcoin Up or Down - March 19, 6:30PM-6:45PM ET"
2026-03-19 22:30:33.000,BUY,Up,0.41,5,0,"Bitcoin Up or Down - March 19, 6:30PM-6:45PM ET"
2026-03-19 22:30:31.000,BUY,Up,0.370000018900007,7.936505,0,"Bitcoin Up or Down - March 19, 6:30PM-6:35PM ET"
2026-03-19 22:30:31.000,,,0,5,0,"Bitcoin Up or Down - March 19, 6:15PM-6:30PM ET"
2026-03-19 22:30:31.000,,,0,894.705812,0,"Bitcoin Up or Down - March 19, 6:25PM-6:30PM ET"
2026-03-19 22:30:31.000,BUY,Up,0.37,43.96,0,"Bitcoin Up or Down - March 19, 6:30PM-6:35PM ET"
2026-03-19 22:30:31.000,BUY,Up,0.37,5,0,"Bitcoin Up or Down - March 19, 6:30PM-6:35PM ET"
2026-03-19 22:30:29.000,BUY,Up,0.37000008121095873,4.063491,0,"Bitcoin Up or Down - March 19, 6:30PM-6:35PM ET"
2026-03-19 22:30:29.000,BUY,Up,0.37,12.98,0,"Bitcoin Up or Down - March 19, 6:30PM-6:35PM ET"
2026-03-19 22:30:29.000,BUY,Up,0.37000017663579465,1.69841,0,"Bitcoin Up or Down - March 19, 6:30PM-6:35PM ET"
2026-03-19 22:30:29.000,BUY,Up,0.37,1.94,0,"Bitcoin Up or Down - March 19, 6:30PM-6:35PM ET"
2026-03-19 22:30:29.000,BUY,Up,0.37,6,0,"Bitcoin Up or Down - March 19, 6:30PM-6:35PM ET"
2026-03-19 22:30:29.000,BUY,Up,0.37,5,0,"Bitcoin Up or Down - March 19, 6:30PM-6:35PM ET"
2026-03-19 22:30:29.000,BUY,Up,0.37000006300001337,5.079364,0,"Bitcoin Up or Down - March 19, 6:30PM-6:35PM ET"
2026-03-19 22:30:29.000,BUY,Up,0.37000003038587015,4.936505,0,"Bitcoin Up or Down - March 19, 6:30PM-6:35PM ET"
2026-03-19 22:30:29.000,BUY,Up,0.3700000282692476,4.952378,0,"Bitcoin Up or Down - March 19, 6:30PM-6:35PM ET"
2026-03-19 22:30:29.000,BUY,Up,0.3700000099325452,28.190156,0,"Bitcoin Up or Down - March 19, 6:30PM-6:35PM ET"
2026-03-19 22:30:29.000,BUY,Up,0.37,4.54,0,"Bitcoin Up or Down - March 19, 6:30PM-6:35PM ET"
2026-03-19 22:30:29.000,BUY,Up,0.37,41.64,0,"Bitcoin Up or Down - March 19, 6:30PM-6:35PM ET"
2026-03-19 22:30:29.000,BUY,Up,0.37,1.5873,0,"Bitcoin Up or Down - March 19, 6:30PM-6:35PM ET"
2026-03-19 22:30:29.000,BUY,Up,0.37,8.1,0,"Bitcoin Up or Down - March 19, 6:30PM-6:35PM ET"
2026-03-19 22:30:29.000,BUY,Up,0.3700000493656862,4.253967,0,"Bitcoin Up or Down - March 19, 6:30PM-6:35PM ET"
2026-03-19 22:30:29.000,BUY,Up,0.37,8.1,0,"Bitcoin Up or Down - March 19, 6:30PM-6:35PM ET"
2026-03-19 22:30:27.000,BUY,Up,0.36,8.02,0,"Bitcoin Up or Down - March 19, 6:30PM-6:35PM ET"
2026-03-19 22:30:27.000,BUY,Up,0.36,7.8125,0,"Bitcoin Up or Down - March 19, 6:30PM-6:35PM ET"
2026-03-19 22:30:27.000,BUY,Up,0.36,12.125,0,"Bitcoin Up or Down - March 19, 6:30PM-6:35PM ET"
2026-03-19 22:30:27.000,BUY,Up,0.36,10,0,"Bitcoin Up or Down - March 19, 6:30PM-6:35PM ET"
2026-03-19 22:30:27.000,BUY,Up,0.36,13.921875,0,"Bitcoin Up or Down - March 19, 6:30PM-6:35PM ET"
2026-03-19 22:30:27.000,BUY,Down,0.6100000035419256,70.583075,0,"Bitcoin Up or Down - March 19, 6:30PM-6:35PM ET"
2026-03-19 22:30:27.000,BUY,Down,0.58,5,0,"Bitcoin Up or Down - March 19, 6:30PM-6:45PM ET"
2026-03-19 22:30:27.000,BUY,Up,0.3700000097458573,14.365078,0,"Bitcoin Up or Down - March 19, 6:30PM-6:35PM ET"
2026-03-19 22:30:27.000,BUY,Up,0.35,18.96,0,"Bitcoin Up or Down - March 19, 6:30PM-6:35PM ET"
2026-03-19 22:30:27.000,BUY,Down,0.61,5,0,"Bitcoin Up or Down - March 19, 6:30PM-6:35PM ET"
2026-03-19 22:30:27.000,BUY,Down,0.61,5,0,"Bitcoin Up or Down - March 19, 6:30PM-6:35PM ET"
2026-03-19 22:30:27.000,BUY,Down,0.6200001443197473,3.187367,0,"Bitcoin Up or Down - March 19, 6:30PM-6:35PM ET"
2026-03-19 22:30:27.000,BUY,Up,0.37,42.7,0,"Bitcoin Up or Down - March 19, 6:30PM-6:35PM ET"
2026-03-19 22:30:27.000,BUY,Down,0.62,11.42,0,"Bitcoin Up or Down - March 19, 6:30PM-6:35PM ET"
2026-03-19 22:30:27.000,BUY,Up,0.3700000106060622,9.42857,0,"Bitcoin Up or Down - March 19, 6:30PM-6:35PM ET"
2026-03-19 22:30:27.000,BUY,Up,0.3700000368182036,4.888886,0,"Bitcoin Up or Down - March 19, 6:30PM-6:35PM ET"
2026-03-19 22:30:27.000,BUY,Up,0.37000002797297715,8.222221,0,"Bitcoin Up or Down - March 19, 6:30PM-6:35PM ET"
2026-03-19 22:30:27.000,BUY,Down,0.6200000636649441,5.026314,0,"Bitcoin Up or Down - March 19, 6:30PM-6:35PM ET"
2026-03-19 22:30:27.000,BUY,Down,0.62,5,0,"Bitcoin Up or Down - March 19, 6:30PM-6:35PM ET"
2026-03-19 22:30:27.000,BUY,Up,0.3700000058898238,20.374124,0,"Bitcoin Up or Down - March 19, 6:30PM-6:35PM ET"
2026-03-19 22:30:27.000,BUY,Down,0.6200000219598005,20.947367,0,"Bitcoin Up or Down - March 19, 6:30PM-6:35PM ET"
2026-03-19 22:30:27.000,BUY,Down,0.62,6,0,"Bitcoin Up or Down - March 19, 6:30PM-6:35PM ET"
2026-03-19 22:30:27.000,BUY,Down,0.6200000988000731,2.631577,0,"Bitcoin Up or Down - March 19, 6:30PM-6:35PM ET"
2026-03-19 22:30:27.000,BUY,Down,0.62,35,0,"Bitcoin Up or Down - March 19, 6:30PM-6:35PM ET"
2026-03-19 22:30:27.000,BUY,Down,0.6200000532000192,5.263156,0,"Bitcoin Up or Down - March 19, 6:30PM-6:35PM ET"
2026-03-19 22:30:27.000,BUY,Down,0.62,5.5,0,"Bitcoin Up or Down - March 19, 6:30PM-6:35PM ET"
2026-03-19 22:30:27.000,BUY,Up,0.36,48.09625,0,"Bitcoin Up or Down - March 19, 6:30PM-6:35PM ET"
2026-03-19 22:30:25.000,BUY,Up,0.46000005820360396,6.185184,0,"Bitcoin Up or Down - March 19, 6:30PM-6:35PM ET"
2026-03-19 22:30:25.000,BUY,Up,0.4600000185407739,17.259258,0,"Bitcoin Up or Down - March 19, 6:30PM-6:35PM ET"
2026-03-19 22:30:25.000,BUY,Up,0.39,7.57,0,"Bitcoin Up or Down - March 19, 6:30PM-6:35PM ET"
2026-03-19 22:30:25.000,BUY,Up,0.38,69.43,0,"Bitcoin Up or Down - March 19, 6:30PM-6:35PM ET"
2026-03-19 22:30:25.000,BUY,Up,0.46000001308480987,19.870369,0,"Bitcoin Up or Down - March 19, 6:30PM-6:35PM ET"
2026-03-19 22:30:25.000,BUY,Up,0.39,92.43,0,"Bitcoin Up or Down - March 19, 6:30PM-6:35PM ET"
2026-03-19 22:30:25.000,BUY,Up,0.37,40,0,"Bitcoin Up or Down - March 19, 6:30PM-6:35PM ET"
2026-03-19 22:30:25.000,BUY,Up,0.4,45.75,0,"Bitcoin Up or Down - March 19, 6:30PM-6:35PM ET"
2026-03-19 22:30:25.000,BUY,Up,0.37,2.87,0,"Bitcoin Up or Down - March 19, 6:30PM-6:35PM ET"
2026-03-19 22:30:25.000,BUY,Up,0.4,17.18,0,"Bitcoin Up or Down - March 19, 6:30PM-6:35PM ET"
2026-03-19 22:30:25.000,BUY,Up,0.37,40,0,"Bitcoin Up or Down - March 19, 6:30PM-6:35PM ET"
2026-03-19 22:30:25.000,BUY,Down,0.57,5,0,"Bitcoin Up or Down - March 19, 6:30PM-6:45PM ET"
2026-03-19 22:30:25.000,BUY,Down,0.58,5,0,"Bitcoin Up or Down - March 19, 6:30PM-6:45PM ET"
2026-03-19 22:30:25.000,BUY,Up,0.37000001051304476,17.121586,0,"Bitcoin Up or Down - March 19, 6:30PM-6:35PM ET"
2026-03-19 22:30:25.000,BUY,Up,0.38,30.57,0,"Bitcoin Up or Down - March 19, 6:30PM-6:35PM ET"
2026-03-19 22:30:25.000,BUY,Up,0.4,37.07,0,"Bitcoin Up or Down - March 19, 6:30PM-6:35PM ET"
2026-03-19 22:30:23.000,BUY,Up,0.49000000150063056,46.647057,0,"Bitcoin Up or Down - March 19, 6:30PM-6:35PM ET"
2026-03-19 22:30:23.000,BUY,Up,0.49000001731422177,25.990195,0,"Bitcoin Up or Down - March 19, 6:30PM-6:35PM ET"
2026-03-19 22:30:23.000,BUY,Up,0.5,7.76,0,"Bitcoin Up or Down - March 19, 6:30PM-6:35PM ET"
2026-03-19 22:30:23.000,BUY,Up,0.4600000670807787,5.96296,0,"Bitcoin Up or Down - March 19, 6:30PM-6:35PM ET"
2026-03-19 22:30:23.000,BUY,Up,0.4600000172997746,8.092591,0,"Bitcoin Up or Down - March 19, 6:30PM-6:35PM ET"
2026-03-19 22:30:23.000,BUY,Up,0.46000001539715135,9.092591,0,"Bitcoin Up or Down - March 19, 6:30PM-6:35PM ET"
2026-03-19 22:30:23.000,BUY,Up,0.46000013105043475,1.373517,0,"Bitcoin Up or Down - March 19, 6:30PM-6:35PM ET"
2026-03-19 22:30:23.000,BUY,Up,0.47,6.07,0,"Bitcoin Up or Down - March 19, 6:30PM-6:35PM ET"
2026-03-19 22:30:23.000,BUY,Up,0.4700001562584344,2.815848,0,"Bitcoin Up or Down - March 19, 6:30PM-6:35PM ET"
2026-03-19 22:30:21.000,BUY,Up,0.48000000169243295,47.269229,0,"Bitcoin Up or Down - March 19, 6:30PM-6:35PM ET"
2026-03-19 22:30:21.000,BUY,Up,0.480000024280164,4.942306,0,"Bitcoin Up or Down - March 19, 6:30PM-6:35PM ET"
2026-03-19 22:30:21.000,BUY,Down,0.51,6,0,"Bitcoin Up or Down - March 19, 6:30PM-6:35PM ET"
2026-03-19 22:30:21.000,BUY,Down,0.51,6,0,"Bitcoin Up or Down - March 19, 6:30PM-6:35PM ET"
2026-03-19 22:30:21.000,BUY,Down,0.51,6,0,"Bitcoin Up or Down - March 19, 6:30PM-6:35PM ET"
2026-03-19 22:30:21.000,BUY,Up,0.48,5.28,0,"Bitcoin Up or Down - March 19, 6:30PM-6:35PM ET"
2026-03-19 22:30:21.000,BUY,Down,0.51,6,0,"Bitcoin Up or Down - March 19, 6:30PM-6:35PM ET"
2026-03-19 22:30:21.000,BUY,Down,0.51,6,0,"Bitcoin Up or Down - March 19, 6:30PM-6:35PM ET"
2026-03-19 22:30:21.000,BUY,Down,0.51,6,0,"Bitcoin Up or Down - March 19, 6:30PM-6:35PM ET"
2026-03-19 22:30:21.000,BUY,Down,0.51,6,0,"Bitcoin Up or Down - March 19, 6:30PM-6:35PM ET"
2026-03-19 22:30:21.000,BUY,Down,0.51,6,0,"Bitcoin Up or Down - March 19, 6:30PM-6:35PM ET"
2026-03-19 22:30:21.000,BUY,Down,0.5100010269501049,0.340815,0,"Bitcoin Up or Down - March 19, 6:30PM-6:35PM ET"
2026-03-19 22:30:21.000,BUY,Down,0.46,100,0,"Bitcoin Up or Down - March 19, 6:30PM-6:35PM ET"
2026-03-19 22:30:21.000,BUY,Down,0.47,100,0,"Bitcoin Up or Down - March 19, 6:30PM-6:35PM ET"
2026-03-19 22:30:21.000,BUY,Down,0.48,100,0,"Bitcoin Up or Down - March 19, 6:30PM-6:35PM ET"
2026-03-19 22:30:21.000,BUY,Down,0.49,100,0,"Bitcoin Up or Down - March 19, 6:30PM-6:35PM ET"
2026-03-19 22:30:21.000,BUY,Down,0.5,88.43,0,"Bitcoin Up or Down - March 19, 6:30PM-6:35PM ET"
2026-03-19 22:30:21.000,BUY,Down,0.51,29.07,0,"Bitcoin Up or Down - March 19, 6:30PM-6:35PM ET"
2026-03-19 22:30:21.000,BUY,Up,0.49,40.35,0,"Bitcoin Up or Down - March 19, 6:30PM-6:35PM ET"
2026-03-19 22:30:21.000,BUY,Up,0.49000000117357007,59.647057,0,"Bitcoin Up or Down - March 19, 6:30PM-6:35PM ET"
2026-03-19 22:30:21.000,BUY,Up,0.5,60.6,0,"Bitcoin Up or Down - March 19, 6:30PM-6:35PM ET"
2026-03-19 22:30:21.000,BUY,Up,0.5,31.64,0,"Bitcoin Up or Down - March 19, 6:30PM-6:35PM ET"
2026-03-19 22:30:21.000,BUY,Down,0.51,4.23,0,"Bitcoin Up or Down - March 19, 6:30PM-6:35PM ET"
2026-03-19 22:30:21.000,BUY,Down,0.5100000283409464,13.408162,0,"Bitcoin Up or Down - March 19, 6:30PM-6:35PM ET"
2026-03-19 22:30:21.000,BUY,Down,0.5100000526446442,4.938774,0,"Bitcoin Up or Down - March 19, 6:30PM-6:35PM ET"
2026-03-19 22:30:17.000,BUY,Down,0.5,11.57,0,"Bitcoin Up or Down - March 19, 6:30PM-6:35PM ET"
2026-03-19 22:30:17.000,BUY,Down,0.54,41,0,"Bitcoin Up or Down - March 19, 6:30PM-6:35PM ET"
2026-03-19 22:30:17.000,BUY,Down,0.54,26.3,0,"Bitcoin Up or Down - March 19, 6:30PM-6:35PM ET"
2026-03-19 22:30:17.000,BUY,Up,0.47,64.47,0,"Bitcoin Up or Down - March 19, 6:30PM-6:35PM ET"
2026-03-19 22:30:17.000,BUY,Up,0.4700001219000939,1.886791,0,"Bitcoin Up or Down - March 19, 6:30PM-6:35PM ET"
2026-03-19 22:30:17.000,BUY,Down,0.53,3.39,0,"Bitcoin Up or Down - March 19, 6:30PM-6:45PM ET"
2026-03-19 22:30:17.000,BUY,Up,0.47000001524741214,16.396225,0,"Bitcoin Up or Down - March 19, 6:30PM-6:35PM ET"
2026-03-19 22:30:17.000,BUY,Up,0.47000004912197063,3.867923,0,"Bitcoin Up or Down - March 19, 6:30PM-6:35PM ET"
2026-03-19 22:30:17.000,BUY,Down,0.54,6,0,"Bitcoin Up or Down - March 19, 6:30PM-6:35PM ET"
2026-03-19 22:30:17.000,BUY,Down,0.51,19.23,0,"Bitcoin Up or Down - March 19, 6:30PM-6:35PM ET"
2026-03-19 22:30:17.000,BUY,Up,0.4700000349800047,9.433961,0,"Bitcoin Up or Down - March 19, 6:30PM-6:35PM ET"
2026-03-19 22:30:15.000,BUY,Up,0.47000003419356196,4.094338,0,"Bitcoin Up or Down - March 19, 6:30PM-6:35PM ET"
2026-03-19 22:30:15.000,BUY,Up,0.4700000702409969,3.132074,0,"Bitcoin Up or Down - March 19, 6:30PM-6:35PM ET"
2026-03-19 22:30:15.000,BUY,Up,0.4700001219000939,1.886791,0,"Bitcoin Up or Down - March 19, 6:30PM-6:35PM ET"
2026-03-19 22:30:15.000,BUY,Up,0.47,5,0,"Bitcoin Up or Down - March 19, 6:30PM-6:35PM ET"
2026-03-19 22:30:15.000,BUY,Up,0.47000006552728846,5.188678,0,"Bitcoin Up or Down - March 19, 6:30PM-6:35PM ET"
2026-03-19 22:30:15.000,BUY,Down,0.5100000012651583,23.712447,0,"Bitcoin Up or Down - March 19, 6:30PM-6:35PM ET"
2026-03-19 22:30:15.000,BUY,Up,0.47,2,0,"Bitcoin Up or Down - March 19, 6:30PM-6:35PM ET"
2026-03-19 22:30:15.000,BUY,Up,0.47,4.28,0,"Bitcoin Up or Down - March 19, 6:30PM-6:35PM ET"
2026-03-19 22:30:15.000,BUY,Down,0.5,5,0,"Bitcoin Up or Down - March 19, 6:30PM-6:45PM ET"
2026-03-19 22:30:15.000,BUY,Down,0.51,5,0,"Bitcoin Up or Down - March 19, 6:30PM-6:45PM ET"
2026-03-19 22:30:15.000,BUY,Up,0.4700000329290018,6.377357,0,"Bitcoin Up or Down - March 19, 6:30PM-6:35PM ET"
2026-03-19 22:30:13.000,BUY,Up,0.4700001219000939,3.773582,0,"Bitcoin Up or Down - March 19, 6:30PM-6:35PM ET"
2026-03-19 22:30:13.000,BUY,Up,0.4700001219000939,1.886791,0,"Bitcoin Up or Down - March 19, 6:30PM-6:35PM ET"
2026-03-19 22:30:13.000,BUY,Up,0.47,5,0,"Bitcoin Up or Down - March 19, 6:30PM-6:45PM ET"
2026-03-19 22:30:13.000,BUY,Up,0.47000002022515996,2.966602,0,"Bitcoin Up or Down - March 19, 6:30PM-6:35PM ET"
2026-03-19 22:30:13.000,BUY,Up,0.47,10,0,"Bitcoin Up or Down - March 19, 6:30PM-6:35PM ET"
2026-03-19 22:30:13.000,BUY,Up,0.4700000289843791,9.660376,0,"Bitcoin Up or Down - March 19, 6:30PM-6:35PM ET"
2026-03-19 22:30:13.000,BUY,Up,0.46,35.8,0,"Bitcoin Up or Down - March 19, 6:30PM-6:35PM ET"
2026-03-19 22:30:13.000,BUY,Up,0.47,18.86,0,"Bitcoin Up or Down - March 19, 6:30PM-6:35PM ET"
2026-03-19 22:30:13.000,BUY,Up,0.47000004946667856,5.660376,0,"Bitcoin Up or Down - March 19, 6:30PM-6:35PM ET"
2026-03-19 22:30:13.000,BUY,Up,0.47000005888890106,5.943395,0,"Bitcoin Up or Down - March 19, 6:30PM-6:35PM ET"
2026-03-19 22:30:13.000,BUY,Down,0.52,100,0,"Bitcoin Up or Down - March 19, 6:30PM-6:35PM ET"
2026-03-19 22:30:13.000,BUY,Up,0.47000010318591195,4.264148,0,"Bitcoin Up or Down - March 19, 6:30PM-6:35PM ET"
2026-03-19 22:30:11.000,BUY,Up,0.46,50,0,"Bitcoin Up or Down - March 19, 6:30PM-6:35PM ET"
2026-03-19 22:30:11.000,BUY,Up,0.4600000084509256,14.199628,0,"Bitcoin Up or Down - March 19, 6:30PM-6:35PM ET"
2026-03-19 22:30:11.000,BUY,Down,0.54,26.7,0,"Bitcoin Up or Down - March 19, 6:30PM-6:35PM ET"
2026-03-19 22:30:11.000,BUY,Up,0.43,77.94,0,"Bitcoin Up or Down - March 19, 6:30PM-6:35PM ET"
2026-03-19 22:30:11.000,BUY,Down,0.52,100,0,"Bitcoin Up or Down - March 19, 6:30PM-6:35PM ET"
2026-03-19 22:30:11.000,BUY,Down,0.53,22.35,0,"Bitcoin Up or Down - March 19, 6:30PM-6:35PM ET"
2026-03-19 22:30:09.000,BUY,Down,0.5300000078333348,10.212764,0,"Bitcoin Up or Down - March 19, 6:30PM-6:35PM ET"
2026-03-19 22:30:09.000,BUY,Down,0.53,67.43,0,"Bitcoin Up or Down - March 19, 6:30PM-6:35PM ET"
2026-03-19 22:30:09.000,BUY,Up,0.43,22.06,0,"Bitcoin Up or Down - March 19, 6:30PM-6:35PM ET"
2026-03-19 22:30:05.000,BUY,Up,0.02,4.0306,0,"Bitcoin Up or Down - March 19, 6:25PM-6:30PM ET"
2026-03-19 22:30:05.000,BUY,Up,0.01,100,0,"Bitcoin Up or Down - March 19, 6:25PM-6:30PM ET"
2026-03-19 22:30:03.000,BUY,Up,0.030000000485000556,20.618533,0,"Bitcoin Up or Down - March 19, 6:25PM-6:30PM ET"
2026-03-19 22:30:03.000,BUY,Up,0.03,51,0,"Bitcoin Up or Down - March 19, 6:25PM-6:30PM ET"
2026-03-19 22:30:03.000,BUY,Up,0.03,10,0,"Bitcoin Up or Down - March 19, 6:25PM-6:30PM ET"
2026-03-19 22:30:03.000,BUY,Up,0.03,1.0309,0,"Bitcoin Up or Down - March 19, 6:25PM-6:30PM ET"
2026-03-19 22:30:03.000,BUY,Up,0.04,20.833325,0,"Bitcoin Up or Down - March 19, 6:25PM-6:30PM ET"
2026-03-19 22:30:03.000,BUY,Up,0.03,2.2369,0,"Bitcoin Up or Down - March 19, 6:25PM-6:30PM ET"
2026-03-19 22:30:03.000,BUY,Up,0.04,27.07,0,"Bitcoin Up or Down - March 19, 6:25PM-6:30PM ET"
2026-03-19 22:30:03.000,BUY,Up,0.04,52.083325,0,"Bitcoin Up or Down - March 19, 6:25PM-6:30PM ET"
2026-03-19 22:30:03.000,BUY,Down,0.97,1.85,0,"Bitcoin Up or Down - March 19, 6:25PM-6:30PM ET"
2026-03-19 22:30:03.000,BUY,Down,0.94,59.15,0,"Bitcoin Up or Down - March 19, 6:25PM-6:30PM ET"
2026-03-19 22:30:03.000,BUY,Down,0.95,80.62,0,"Bitcoin Up or Down - March 19, 6:25PM-6:30PM ET"
2026-03-19 22:30:03.000,BUY,Down,0.96,100,0,"Bitcoin Up or Down - March 19, 6:25PM-6:30PM ET"
2026-03-19 22:30:03.000,BUY,Up,0.02,15.3061,0,"Bitcoin Up or Down - March 19, 6:25PM-6:30PM ET"
2026-03-19 22:30:03.000,BUY,Up,0.02,5,0,"Bitcoin Up or Down - March 19, 6:25PM-6:30PM ET"
2026-03-19 22:30:03.000,BUY,Up,0.02,50.51,0,"Bitcoin Up or Down - March 19, 6:25PM-6:30PM ET"
2026-03-19 22:30:03.000,BUY,Up,0.02,10.102,0,"Bitcoin Up or Down - March 19, 6:25PM-6:30PM ET"
2026-03-19 22:30:03.000,BUY,Down,0.95,6.752,0,"Bitcoin Up or Down - March 19, 6:25PM-6:30PM ET"
2026-03-19 22:30:03.000,BUY,Up,0.03,100,0,"Bitcoin Up or Down - March 19, 6:25PM-6:30PM ET"
2026-03-19 22:30:03.000,BUY,Up,0.02,61.25,0,"Bitcoin Up or Down - March 19, 6:25PM-6:30PM ET"
2026-03-19 22:30:03.000,BUY,Up,0.030000001858241105,5.381433,0,"Bitcoin Up or Down - March 19, 6:25PM-6:30PM ET"
2026-03-19 22:30:03.000,BUY,Down,0.97,98.15,0,"Bitcoin Up or Down - March 19, 6:25PM-6:30PM ET"
2026-03-19 22:30:03.000,BUY,Up,0.02,46.97,0,"Bitcoin Up or Down - March 19, 6:25PM-6:30PM ET"
2026-03-19 22:30:03.000,BUY,Up,0.02,20.40815,0,"Bitcoin Up or Down - March 19, 6:25PM-6:30PM ET"
2026-03-19 22:30:03.000,BUY,Up,0.02,2,0,"Bitcoin Up or Down - March 19, 6:25PM-6:30PM ET"
2026-03-19 22:30:03.000,BUY,Up,0.03,8.67,0,"Bitcoin Up or Down - March 19, 6:25PM-6:30PM ET"
2026-03-19 22:30:03.000,BUY,Up,0.02,1.0204,0,"Bitcoin Up or Down - March 19, 6:25PM-6:30PM ET"
2026-03-19 22:30:03.000,BUY,Up,0.02,16.9502,0,"Bitcoin Up or Down - March 19, 6:25PM-6:30PM ET"
2026-03-19 22:30:03.000,BUY,Up,0.02,36.0612,0,"Bitcoin Up or Down - March 19, 6:25PM-6:30PM ET"
2026-03-19 22:30:03.000,BUY,Up,0.03,100,0,"Bitcoin Up or Down - March 19, 6:25PM-6:30PM ET"
2026-03-19 22:30:03.000,BUY,Down,0.95,5.9,0,"Bitcoin Up or Down - March 19, 6:25PM-6:30PM ET"
2026-03-19 22:30:03.000,BUY,Up,0.03,10.27,0,"Bitcoin Up or Down - March 19, 6:25PM-6:30PM ET"
2026-03-19 22:30:03.000,BUY,Up,0.04,100,0,"Bitcoin Up or Down - March 19, 6:25PM-6:30PM ET"
2026-03-19 22:30:03.000,BUY,Down,0.93,25.47,0,"Bitcoin Up or Down - March 19, 6:25PM-6:30PM ET"
2026-03-19 22:30:03.000,BUY,Down,0.94,46.55,0,"Bitcoin Up or Down - March 19, 6:25PM-6:30PM ET"
2026-03-19 22:30:03.000,BUY,Down,0.95,100,0,"Bitcoin Up or Down - March 19, 6:25PM-6:30PM ET"
2026-03-19 22:30:03.000,BUY,Down,0.95,13.48,0,"Bitcoin Up or Down - March 19, 6:25PM-6:30PM ET"
2026-03-19 22:30:03.000,BUY,Up,0.03,2.14,0,"Bitcoin Up or Down - March 19, 6:25PM-6:30PM ET"
2026-03-19 22:30:03.000,BUY,Up,0.03,1.0309,0,"Bitcoin Up or Down - March 19, 6:25PM-6:30PM ET"
2026-03-19 22:30:01.000,BUY,Down,0.92,25,0,"Bitcoin Up or Down - March 19, 6:25PM-6:30PM ET"
2026-03-19 22:30:01.000,BUY,Up,0.03,100,0,"Bitcoin Up or Down - March 19, 6:25PM-6:30PM ET"
2026-03-19 22:30:01.000,BUY,Down,0.9400000250147288,36.778332,0,"Bitcoin Up or Down - March 19, 6:25PM-6:30PM ET"
2026-03-19 22:30:01.000,BUY,Down,0.95,100,0,"Bitcoin Up or Down - March 19, 6:25PM-6:30PM ET"
2026-03-19 22:30:01.000,BUY,Down,0.96,100,0,"Bitcoin Up or Down - March 19, 6:25PM-6:30PM ET"
2026-03-19 22:30:01.000,BUY,Up,0.02,48.71,0,"Bitcoin Up or Down - March 19, 6:25PM-6:30PM ET"
2026-03-19 22:30:01.000,BUY,Up,0.03,89.73,0,"Bitcoin Up or Down - March 19, 6:25PM-6:30PM ET"
2026-03-19 22:30:01.000,BUY,Up,0.02,5.94,0,"Bitcoin Up or Down - March 19, 6:25PM-6:30PM ET"
2026-03-19 22:30:01.000,BUY,Up,0.03,9.56,0,"Bitcoin Up or Down - March 19, 6:25PM-6:30PM ET"
2026-03-19 22:30:01.000,BUY,Down,0.9300000131948228,68.20857,0,"Bitcoin Up or Down - March 19, 6:25PM-6:30PM ET"
2026-03-19 22:30:01.000,BUY,Up,0.02,6.0612,0,"Bitcoin Up or Down - March 19, 6:25PM-6:30PM ET"
2026-03-19 22:30:01.000,BUY,Up,0.02,1.0204,0,"Bitcoin Up or Down - March 19, 6:25PM-6:30PM ET"
2026-03-19 22:30:01.000,BUY,Up,0.03,5,0,"Bitcoin Up or Down - March 19, 6:25PM-6:30PM ET"
2026-03-19 22:30:01.000,BUY,Up,0.03,5,0,"Bitcoin Up or Down - March 19, 6:25PM-6:30PM ET"
2026-03-19 22:30:01.000,BUY,Up,0.03,3.0309,0,"Bitcoin Up or Down - March 19, 6:25PM-6:30PM ET"
2026-03-19 22:30:01.000,BUY,Up,0.03,5.5,0,"Bitcoin Up or Down - March 19, 6:25PM-6:30PM ET"
2026-03-19 22:30:01.000,BUY,Up,0.03,1.0309,0,"Bitcoin Up or Down - March 19, 6:25PM-6:30PM ET"
2026-03-19 22:30:01.000,BUY,Up,0.03,10,0,"Bitcoin Up or Down - March 19, 6:25PM-6:30PM ET"
2026-03-19 22:30:01.000,BUY,Up,0.03000000489899977,4.082466,0,"Bitcoin Up or Down - March 19, 6:25PM-6:30PM ET"
2026-03-19 22:30:01.000,BUY,Up,0.02,92.27,0,"Bitcoin Up or Down - March 19, 6:25PM-6:30PM ET"
2026-03-19 22:30:01.000,BUY,Up,0.030000004850053327,2.061833,0,"Bitcoin Up or Down - March 19, 6:25PM-6:30PM ET"
2026-03-19 22:30:01.000,BUY,Up,0.03,5,0,"Bitcoin Up or Down - March 19, 6:25PM-6:30PM ET"
2026-03-19 22:30:01.000,BUY,Up,0.03,5,0,"Bitcoin Up or Down - March 19, 6:25PM-6:30PM ET"
2026-03-19 22:30:01.000,BUY,Up,0.03000000046996494,42.556366,0,"Bitcoin Up or Down - March 19, 6:25PM-6:30PM ET"
2026-03-19 22:30:01.000,BUY,Down,0.9400000540000054,16.666665,0,"Bitcoin Up or Down - March 19, 6:25PM-6:30PM ET"
2026-03-19 22:30:01.000,BUY,Up,0.02,1.20405,0,"Bitcoin Up or Down - March 19, 6:25PM-6:30PM ET"
2026-03-19 22:30:01.000,BUY,Up,0.02,5,0,"Bitcoin Up or Down - March 19, 6:25PM-6:30PM ET"
2026-03-19 22:30:01.000,BUY,Up,0.02,6.19,0,"Bitcoin Up or Down - March 19, 6:25PM-6:30PM ET"
2026-03-19 22:30:01.000,BUY,Up,0.02,8,0,"Bitcoin Up or Down - March 19, 6:25PM-6:30PM ET"
2026-03-19 22:30:01.000,BUY,Up,0.02,3.23465,0,"Bitcoin Up or Down - March 19, 6:25PM-6:30PM ET"
2026-03-19 22:30:01.000,BUY,Up,0.02,1.1224,0,"Bitcoin Up or Down - March 19, 6:25PM-6:30PM ET"
2026-03-19 22:30:01.000,BUY,Up,0.02,1.5306,0,"Bitcoin Up or Down - March 19, 6:25PM-6:30PM ET"
2026-03-19 22:30:01.000,BUY,Down,0.96,38.33,0,"Bitcoin Up or Down - March 19, 6:25PM-6:30PM ET"
2026-03-19 22:30:01.000,BUY,Down,0.96,51.8375,0,"Bitcoin Up or Down - March 19, 6:25PM-6:30PM ET"
2026-03-19 22:30:01.000,BUY,Down,0.97,67.38,0,"Bitcoin Up or Down - March 19, 6:25PM-6:30PM ET"
2026-03-19 22:30:01.000,BUY,Up,0.02,5.051,0,"Bitcoin Up or Down - March 19, 6:25PM-6:30PM ET"
2026-03-19 22:30:01.000,BUY,Up,0.02,5.01,0,"Bitcoin Up or Down - March 19, 6:25PM-6:30PM ET"
2026-03-19 22:30:01.000,BUY,Up,0.02,1.8673,0,"Bitcoin Up or Down - March 19, 6:25PM-6:30PM ET"
2026-03-19 22:30:01.000,BUY,Up,0.02,2.6122,0,"Bitcoin Up or Down - March 19, 6:25PM-6:30PM ET"
2026-03-19 22:30:01.000,BUY,Up,0.02,5.102,0,"Bitcoin Up or Down - March 19, 6:25PM-6:30PM ET"
2026-03-19 22:30:01.000,BUY,Down,0.97,100,0,"Bitcoin Up or Down - March 19, 6:25PM-6:30PM ET"
2026-03-19 22:30:01.000,BUY,Down,0.98,1.49,0,"Bitcoin Up or Down - March 19, 6:25PM-6:30PM ET"
2026-03-19 22:30:01.000,BUY,Up,0.030000000426771676,23.431733,0,"Bitcoin Up or Down - March 19, 6:25PM-6:30PM ET"
2026-03-19 22:30:01.000,BUY,Up,0.07,28.03,0,"Bitcoin Up or Down - March 19, 6:25PM-6:30PM ET"
2026-03-19 22:30:01.000,BUY,Up,0.07,24,0,"Bitcoin Up or Down - March 19, 6:25PM-6:30PM ET"
2026-03-19 22:30:01.000,BUY,Up,0.05,100,0,"Bitcoin Up or Down - March 19, 6:25PM-6:30PM ET"
2026-03-19 22:30:01.000,BUY,Up,0.06,100,0,"Bitcoin Up or Down - March 19, 6:25PM-6:30PM ET"
2026-03-19 22:30:01.000,BUY,Down,0.9700000291262151,32.616665,0,"Bitcoin Up or Down - March 19, 6:25PM-6:30PM ET"
2026-03-19 22:30:01.000,BUY,Down,0.96,5,0,"Bitcoin Up or Down - March 19, 6:25PM-6:30PM ET"
2026-03-19 22:30:01.000,BUY,Down,0.96,4.83,0,"Bitcoin Up or Down - March 19, 6:25PM-6:30PM ET"
2026-03-19 22:30:01.000,BUY,Down,0.8,2,0,"Bitcoin Up or Down - March 19, 6:25PM-6:30PM ET"
2026-03-19 22:30:01.000,BUY,Up,0.030000004850053327,2.061833,0,"Bitcoin Up or Down - March 19, 6:25PM-6:30PM ET"
2026-03-19 22:29:59.000,BUY,Up,0.030000004850053327,2.061833,0,"Bitcoin Up or Down - March 19, 6:25PM-6:30PM ET"
2026-03-19 22:29:59.000,BUY,Up,0.04,98.74,0,"Bitcoin Up or Down - March 19, 6:25PM-6:30PM ET"
2026-03-19 22:29:59.000,BUY,Up,0.07000000305921071,16.344085,0,"Bitcoin Up or Down - March 19, 6:25PM-6:30PM ET"
2026-03-19 22:29:59.000,BUY,Up,0.04,1.26,0,"Bitcoin Up or Down - March 19, 6:25PM-6:30PM ET"
2026-03-19 22:29:59.000,BUY,Down,0.92,12.5,0,"Bitcoin Up or Down - March 19, 6:25PM-6:30PM ET"
2026-03-19 22:29:59.000,BUY,Down,0.92,12.5,0,"Bitcoin Up or Down - March 19, 6:25PM-6:30PM ET"
2026-03-19 22:29:59.000,BUY,Up,0.04,50.383325,0,"Bitcoin Up or Down - March 19, 6:25PM-6:30PM ET"
2026-03-19 22:29:59.000,BUY,Up,0.07,31.6129,0,"Bitcoin Up or Down - March 19, 6:25PM-6:30PM ET"
2026-03-19 22:29:59.000,BUY,Up,0.06,100,0,"Bitcoin Up or Down - March 19, 6:25PM-6:30PM ET"
2026-03-19 22:29:59.000,BUY,Up,0.07,22.49,0,"Bitcoin Up or Down - March 19, 6:25PM-6:30PM ET"
2026-03-19 22:29:59.000,BUY,Up,0.05,100,0,"Bitcoin Up or Down - March 19, 6:25PM-6:30PM ET"
2026-03-19 22:29:59.000,BUY,Up,0.07000000025803517,77.508814,0,"Bitcoin Up or Down - March 19, 6:25PM-6:30PM ET"
2026-03-19 22:29:59.000,BUY,Up,0.08,27.33,0,"Bitcoin Up or Down - March 19, 6:25PM-6:30PM ET"
2026-03-19 22:29:59.000,BUY,Up,0.1,55.83777,0,"Bitcoin Up or Down - March 19, 6:25PM-6:30PM ET"
2026-03-19 22:29:59.000,BUY,Up,0.11000001549525149,6.45359,0,"Bitcoin Up or Down - March 19, 6:25PM-6:30PM ET"
2026-03-19 22:29:59.000,BUY,Up,0.08000001840000884,2.173912,0,"Bitcoin Up or Down - March 19, 6:25PM-6:30PM ET"
2026-03-19 22:29:59.000,BUY,Up,0.04,39.38,0,"Bitcoin Up or Down - March 19, 6:25PM-6:30PM ET"
2026-03-19 22:29:59.000,BUY,Up,0.04,10.22915,0,"Bitcoin Up or Down - March 19, 6:25PM-6:30PM ET"
2026-03-19 22:29:59.000,BUY,Up,0.08,6,0,"Bitcoin Up or Down - March 19, 6:25PM-6:30PM ET"
2026-03-19 22:29:59.000,BUY,Up,0.08000000143246405,27.923912,0,"Bitcoin Up or Down - March 19, 6:25PM-6:30PM ET"
2026-03-19 22:29:59.000,BUY,Up,0.08000000131475532,30.423912,0,"Bitcoin Up or Down - March 19, 6:25PM-6:30PM ET"
2026-03-19 22:29:59.000,BUY,Up,0.08,6.13,0,"Bitcoin Up or Down - March 19, 6:25PM-6:30PM ET"
2026-03-19 22:29:59.000,BUY,Up,0.09,4.87,0,"Bitcoin Up or Down - March 19, 6:25PM-6:30PM ET"
2026-03-19 22:29:59.000,BUY,Up,0.09,8,0,"Bitcoin Up or Down - March 19, 6:25PM-6:30PM ET"
2026-03-19 22:29:59.000,BUY,Up,0.09,10,0,"Bitcoin Up or Down - March 19, 6:25PM-6:30PM ET"
2026-03-19 22:29:59.000,BUY,Up,0.09000000077797737,77.123066,0,"Bitcoin Up or Down - March 19, 6:25PM-6:30PM ET"
2026-03-19 22:29:57.000,BUY,Up,0.1,44.16,0,"Bitcoin Up or Down - March 19, 6:25PM-6:30PM ET"
2026-03-19 22:29:57.000,BUY,Up,0.11,93.54,0,"Bitcoin Up or Down - March 19, 6:25PM-6:30PM ET"
2026-03-19 22:29:57.000,BUY,Down,0.41,73.63,0,"Bitcoin Up or Down - March 19, 6:25PM-6:30PM ET"
2026-03-19 22:29:57.000,BUY,Down,0.41000000569018424,26.361185,0,"Bitcoin Up or Down - March 19, 6:25PM-6:30PM ET"
2026-03-19 22:29:57.000,BUY,Down,0.41,1.06,0,"Bitcoin Up or Down - March 19, 6:25PM-6:30PM ET"
2026-03-19 22:29:57.000,BUY,Down,0.41000000531000047,16.949151,0,"Bitcoin Up or Down - March 19, 6:25PM-6:30PM ET"
2026-03-19 22:29:57.000,BUY,Down,0.41,41.89,0,"Bitcoin Up or Down - March 19, 6:25PM-6:30PM ET"
2026-03-19 22:29:57.000,BUY,Down,0.42,60.12,0,"Bitcoin Up or Down - March 19, 6:25PM-6:30PM ET"
2026-03-19 22:29:57.000,BUY,Down,0.42,5.26,0,"Bitcoin Up or Down - March 19, 6:25PM-6:30PM ET"
2026-03-19 22:29:57.000,BUY,Down,0.42,1.49,0,"Bitcoin Up or Down - March 19, 6:25PM-6:30PM ET"
2026-03-19 22:29:57.000,BUY,Down,0.42,30,0,"Bitcoin Up or Down - March 19, 6:25PM-6:30PM ET"
2026-03-19 22:29:57.000,BUY,Down,0.42,0.14655,0,"Bitcoin Up or Down - March 19, 6:25PM-6:30PM ET"
2026-03-19 22:29:55.000,BUY,Up,0.5800000215062975,11.159522,0,"Bitcoin Up or Down - March 19, 6:25PM-6:30PM ET"
2026-03-19 22:29:55.000,BUY,Down,0.42,1.51,0,"Bitcoin Up or Down - March 19, 6:25PM-6:30PM ET"
2026-03-19 22:29:55.000,BUY,Down,0.42,1.47,0,"Bitcoin Up or Down - March 19, 6:25PM-6:30PM ET"
2026-03-19 22:29:55.000,BUY,Down,0.4300001216001362,2.631576,0,"Bitcoin Up or Down - March 19, 6:25PM-6:30PM ET"
2026-03-19 22:29:55.000,BUY,Down,0.430000086949213,2.070174,0,"Bitcoin Up or Down - March 19, 6:25PM-6:30PM ET"
2026-03-19 22:29:55.000,BUY,Down,0.43,16.55,0,"Bitcoin Up or Down - March 19, 6:25PM-6:30PM ET"
2026-03-19 22:29:55.000,BUY,Down,0.43,50,0,"Bitcoin Up or Down - March 19, 6:25PM-6:30PM ET"
2026-03-19 22:29:55.000,BUY,Down,0.4300001520001042,1.842104,0,"Bitcoin Up or Down - March 19, 6:25PM-6:30PM ET"
2026-03-19 22:29:55.000,BUY,Down,0.43000001082278805,5.543858,0,"Bitcoin Up or Down - March 19, 6:25PM-6:30PM ET"
2026-03-19 22:29:55.000,BUY,Down,0.4300000389500103,10.526313,0,"Bitcoin Up or Down - March 19, 6:25PM-6:30PM ET"
2026-03-19 22:29:55.000,BUY,Down,0.43000006654824935,3.456139,0,"Bitcoin Up or Down - March 19, 6:25PM-6:30PM ET"
2026-03-19 22:29:55.000,BUY,Down,0.4300000572713788,7.333506,0,"Bitcoin Up or Down - March 19, 6:25PM-6:30PM ET"
2026-03-19 22:29:55.000,BUY,Up,0.5800001764001023,2.380951,0,"Bitcoin Up or Down - March 19, 6:25PM-6:30PM ET"
2026-03-19 22:29:55.000,BUY,Down,0.41,11.2,0,"Bitcoin Up or Down - March 19, 6:25PM-6:30PM ET"
2026-03-19 22:29:55.000,BUY,Down,0.41000001245747847,28.898304,0,"Bitcoin Up or Down - March 19, 6:25PM-6:30PM ET"
2026-03-19 22:29:53.000,BUY,Up,0.59,4.31,0,"Bitcoin Up or Down - March 19, 6:25PM-6:30PM ET"
2026-03-19 22:29:53.000,BUY,Up,0.5900000083621759,39.463413,0,"Bitcoin Up or Down - March 19, 6:25PM-6:30PM ET"
2026-03-19 22:29:53.000,BUY,Up,0.59,50,0,"Bitcoin Up or Down - March 19, 6:25PM-6:30PM ET"
2026-03-19 22:29:53.000,BUY,Up,0.5400000141037005,25.525216,0,"Bitcoin Up or Down - March 19, 6:25PM-6:30PM ET"
2026-03-19 22:29:53.000,BUY,Up,0.5900000820000157,6.219511,0,"Bitcoin Up or Down - March 19, 6:25PM-6:30PM ET"
2026-03-19 22:29:53.000,BUY,Down,0.39,10,0,"Bitcoin Up or Down - March 19, 6:25PM-6:30PM ET"
2026-03-19 22:29:53.000,BUY,Down,0.39000000675526036,56.252458,0,"Bitcoin Up or Down - March 19, 6:25PM-6:30PM ET"
2026-03-19 22:29:53.000,BUY,Down,0.3900000077645192,20.606556,0,"Bitcoin Up or Down - March 19, 6:25PM-6:30PM ET"
2026-03-19 22:29:53.000,BUY,Up,0.55,8.340290000000001,0,"Bitcoin Up or Down - March 19, 6:25PM-6:30PM ET"
2026-03-19 22:29:53.000,BUY,Down,0.45,6,0,"Bitcoin Up or Down - March 19, 6:25PM-6:30PM ET"
2026-03-19 22:29:53.000,BUY,Down,0.45,12.37,0,"Bitcoin Up or Down - March 19, 6:25PM-6:30PM ET"
2026-03-19 22:29:53.000,BUY,Down,0.46,14.29,0,"Bitcoin Up or Down - March 19, 6:25PM-6:30PM ET"
2026-03-19 22:29:53.000,BUY,Down,0.4600000216000099,3.703702,0,"Bitcoin Up or Down - March 19, 6:25PM-6:30PM ET"
2026-03-19 22:29:53.000,BUY,Down,0.46,82,0,"Bitcoin Up or Down - March 19, 6:25PM-6:30PM ET"
2026-03-19 22:29:53.000,BUY,Down,0.45,81.63,0,"Bitcoin Up or Down - March 19, 6:25PM-6:30PM ET"
2026-03-19 22:29:53.000,BUY,Down,0.48000003239287375,7.409037,0,"Bitcoin Up or Down - March 19, 6:25PM-6:30PM ET"
2026-03-19 22:29:53.000,BUY,Down,0.49,77.62,0,"Bitcoin Up or Down - March 19, 6:25PM-6:30PM ET"
2026-03-19 22:29:53.000,BUY,Down,0.5,100,0,"Bitcoin Up or Down - March 19, 6:25PM-6:30PM ET"
2026-03-19 22:29:53.000,BUY,Down,0.4800000061766891,51.807691,0,"Bitcoin Up or Down - March 19, 6:25PM-6:30PM ET"
2026-03-19 22:29:53.000,BUY,Down,0.5100000465500188,4.081631,0,"Bitcoin Up or Down - March 19, 6:25PM-6:30PM ET"
2026-03-19 22:29:51.000,BUY,Down,0.57,50,0,"Bitcoin Up or Down - March 19, 6:25PM-6:30PM ET"
2026-03-19 22:29:51.000,BUY,Down,0.58,50,0,"Bitcoin Up or Down - March 19, 6:25PM-6:30PM ET"
2026-03-19 22:29:51.000,BUY,Down,0.59,86,0,"Bitcoin Up or Down - March 19, 6:25PM-6:30PM ET"
2026-03-19 22:29:51.000,BUY,Down,0.5800000360474937,14.980237,0,"Bitcoin Up or Down - March 19, 6:25PM-6:30PM ET"
2026-03-19 22:29:51.000,BUY,Down,0.59,5.63,0,"Bitcoin Up or Down - March 19, 6:25PM-6:30PM ET"
2026-03-19 22:29:51.000,BUY,Down,0.47,100,0,"Bitcoin Up or Down - March 19, 6:25PM-6:30PM ET"
2026-03-19 22:29:51.000,BUY,Up,0.4300001767002986,1.754383,0,"Bitcoin Up or Down - March 19, 6:25PM-6:30PM ET"
2026-03-19 22:29:51.000,BUY,Down,0.48,40.78,0,"Bitcoin Up or Down - March 19, 6:25PM-6:30PM ET"
2026-03-19 22:29:51.000,BUY,Down,0.51,45.46,0,"Bitcoin Up or Down - March 19, 6:25PM-6:30PM ET"
2026-03-19 22:29:51.000,BUY,Down,0.5100000043608416,50.448978,0,"Bitcoin Up or Down - March 19, 6:25PM-6:30PM ET"
2026-03-19 22:29:51.000,BUY,Down,0.5200000032933105,60.729165,0,"Bitcoin Up or Down - March 19, 6:25PM-6:30PM ET"
2026-03-19 22:29:51.000,BUY,Down,0.52,39.27,0,"Bitcoin Up or Down - March 19, 6:25PM-6:30PM ET"
2026-03-19 22:29:51.000,BUY,Up,0.4300000074100003,35.087718,0,"Bitcoin Up or Down - March 19, 6:25PM-6:30PM ET"
2026-03-19 22:29:51.000,BUY,Up,0.43,5,0,"Bitcoin Up or Down - March 19, 6:25PM-6:30PM ET"
2026-03-19 22:29:51.000,BUY,Up,0.4300000275806527,10.87719,0,"Bitcoin Up or Down - March 19, 6:25PM-6:30PM ET"
2026-03-19 22:29:51.000,BUY,Up,0.4300001017475408,1.867367,0,"Bitcoin Up or Down - March 19, 6:25PM-6:30PM ET"
2026-03-19 22:29:51.000,BUY,Up,0.43,5,0,"Bitcoin Up or Down - March 19, 6:25PM-6:30PM ET"
2026-03-19 22:29:51.000,BUY,Up,0.4300001767002986,1.754383,0,"Bitcoin Up or Down - March 19, 6:25PM-6:30PM ET"
2026-03-19 22:29:51.000,BUY,Up,0.43000006756842213,5.771927,0,"Bitcoin Up or Down - March 19, 6:25PM-6:30PM ET"
2026-03-19 22:29:51.000,BUY,Up,0.4300000780498142,4.228069,0,"Bitcoin Up or Down - March 19, 6:25PM-6:30PM ET"
2026-03-19 22:29:51.000,BUY,Up,0.42,1.61,0,"Bitcoin Up or Down - March 19, 6:25PM-6:30PM ET"
2026-03-19 22:29:51.000,BUY,Up,0.42,32.82,0,"Bitcoin Up or Down - March 19, 6:25PM-6:30PM ET"
2026-03-19 22:29:51.000,BUY,Down,0.53,100,0,"Bitcoin Up or Down - March 19, 6:25PM-6:30PM ET"
2026-03-19 22:29:51.000,BUY,Down,0.54,100,0,"Bitcoin Up or Down - March 19, 6:25PM-6:30PM ET"
2026-03-19 22:29:51.000,BUY,Down,0.55,50.48,0,"Bitcoin Up or Down - March 19, 6:25PM-6:30PM ET"
2026-03-19 22:29:51.000,BUY,Up,0.42,12.2,0,"Bitcoin Up or Down - March 19, 6:25PM-6:30PM ET"
2026-03-19 22:29:51.000,BUY,Down,0.57,29.99,0,"Bitcoin Up or Down - March 19, 6:25PM-6:30PM ET"
2026-03-19 22:29:51.000,BUY,Down,0.58,35.01,0,"Bitcoin Up or Down - March 19, 6:25PM-6:30PM ET"
2026-03-19 22:29:51.000,BUY,Up,0.42,5,0,"Bitcoin Up or Down - March 19, 6:25PM-6:30PM ET"
2026-03-19 22:29:51.000,BUY,Down,0.57,3.87,0,"Bitcoin Up or Down - March 19, 6:25PM-6:30PM ET"
2026-03-19 22:29:51.000,BUY,Down,0.5500000100987434,49.51111,0,"Bitcoin Up or Down - March 19, 6:25PM-6:30PM ET"
2026-03-19 22:29:51.000,BUY,Down,0.56,100,0,"Bitcoin Up or Down - March 19, 6:25PM-6:30PM ET"
2026-03-19 22:29:49.000,BUY,Down,0.5900000382507364,8.365852,0,"Bitcoin Up or Down - March 19, 6:25PM-6:30PM ET"
2026-03-19 22:29:49.000,BUY,Up,0.39,4,0,"Bitcoin Up or Down - March 19, 6:25PM-6:30PM ET"
2026-03-19 22:29:49.000,BUY,Up,0.3900000152500009,19.67213,0,"Bitcoin Up or Down - March 19, 6:25PM-6:30PM ET"
2026-03-19 22:29:49.000,BUY,Up,0.39,5,0,"Bitcoin Up or Down - March 19, 6:25PM-6:30PM ET"
2026-03-19 22:29:49.000,BUY,Up,0.39,5,0,"Bitcoin Up or Down - March 19, 6:25PM-6:30PM ET"
2026-03-19 22:29:49.000,BUY,Up,0.39,5,0,"Bitcoin Up or Down - March 19, 6:25PM-6:30PM ET"
2026-03-19 22:29:49.000,BUY,Up,0.39,5,0,"Bitcoin Up or Down - March 19, 6:25PM-6:30PM ET"
2026-03-19 22:29:49.000,BUY,Up,0.39,21.16,0,"Bitcoin Up or Down - March 19, 6:25PM-6:30PM ET"
2026-03-19 22:29:49.000,BUY,Up,0.39,5,0,"Bitcoin Up or Down - March 19, 6:25PM-6:30PM ET"
2026-03-19 22:29:49.000,BUY,Up,0.39,5,0,"Bitcoin Up or Down - March 19, 6:25PM-6:30PM ET"
2026-03-19 22:29:49.000,BUY,Up,0.39,5,0,"Bitcoin Up or Down - March 19, 6:25PM-6:30PM ET"
2026-03-19 22:29:49.000,BUY,Up,0.39,5,0,"Bitcoin Up or Down - March 19, 6:25PM-6:30PM ET"
2026-03-19 22:29:49.000,BUY,Up,0.39,3,0,"Bitcoin Up or Down - March 19, 6:25PM-6:30PM ET"
2026-03-19 22:29:49.000,BUY,Up,0.39000014030010804,1.639343,0,"Bitcoin Up or Down - March 19, 6:25PM-6:30PM ET"
2026-03-19 22:29:47.000,BUY,Down,0.5700001720001032,2.32558,0,"Bitcoin Up or Down - March 19, 6:25PM-6:30PM ET"
2026-03-19 22:29:47.000,BUY,Up,0.4,54.216665,0,"Bitcoin Up or Down - March 19, 6:25PM-6:30PM ET"
2026-03-19 22:29:47.000,BUY,Up,0.4,3.05,0,"Bitcoin Up or Down - March 19, 6:25PM-6:30PM ET"
2026-03-19 22:29:47.000,BUY,Up,0.4,1.666665,0,"Bitcoin Up or Down - March 19, 6:25PM-6:30PM ET"
2026-03-19 22:29:45.000,BUY,Down,0.58,5,0,"Bitcoin Up or Down - March 19, 6:25PM-6:30PM ET"
2026-03-19 22:29:45.000,BUY,Down,0.5700001577698398,3.232557,0,"Bitcoin Up or Down - March 19, 6:25PM-6:30PM ET"
2026-03-19 22:29:45.000,BUY,Down,0.5700000141939202,10.567905,0,"Bitcoin Up or Down - March 19, 6:25PM-6:30PM ET"
2026-03-19 22:29:45.000,BUY,Down,0.58,55.49,0,"Bitcoin Up or Down - March 19, 6:25PM-6:30PM ET"
2026-03-19 22:29:45.000,BUY,Down,0.59,100,0,"Bitcoin Up or Down - March 19, 6:25PM-6:30PM ET"
2026-03-19 22:29:45.000,BUY,Down,0.58,2,0,"Bitcoin Up or Down - March 19, 6:25PM-6:30PM ET"
2026-03-19 22:29:45.000,BUY,Down,0.5800000168000027,11.90476,0,"Bitcoin Up or Down - March 19, 6:25PM-6:30PM ET"
2026-03-19 22:29:43.000,BUY,Down,0.5800000100800008,23.809522,0,"Bitcoin Up or Down - March 19, 6:25PM-6:30PM ET"
2026-03-19 22:29:43.000,BUY,Down,0.58,1.79,0,"Bitcoin Up or Down - March 19, 6:25PM-6:30PM ET"
2026-03-19 22:29:41.000,BUY,Up,0.3900000098160927,35.655735,0,"Bitcoin Up or Down - March 19, 6:25PM-6:30PM ET"
2026-03-19 22:29:41.000,,,0,5,0,"Bitcoin Up or Down - March 19, 6:15PM-6:30PM ET"
2026-03-19 22:29:41.000,,,0,150.740707,0,"Bitcoin Up or Down - March 19, 6:25PM-6:30PM ET"
2026-03-19 22:29:41.000,BUY,Up,0.38,11,0,"Bitcoin Up or Down - March 19, 6:25PM-6:30PM ET"
2026-03-19 22:29:41.000,BUY,Up,0.38,4.45,0,"Bitcoin Up or Down - March 19, 6:25PM-6:30PM ET"
2026-03-19 22:29:41.000,BUY,Up,0.38000002409894323,9.129031,0,"Bitcoin Up or Down - March 19, 6:25PM-6:30PM ET"
2026-03-19 22:29:41.000,BUY,Up,0.38,5,0,"Bitcoin Up or Down - March 19, 6:25PM-6:30PM ET"
2026-03-19 22:29:41.000,BUY,Up,0.38,11.36,0,"Bitcoin Up or Down - March 19, 6:25PM-6:30PM ET"
