timestamp,side,outcome,price,size,usdc,market
2026-03-19 22:32:39.000,BUY,Up,0.25,121.91895,0,"Bitcoin Up or Down - March 19, 6:30PM-6:35PM ET"
2026-03-19 22:32:39.000,BUY,Up,0.333080444735121,15.101379999999999,0,"Bitcoin Up or Down - March 19, 6:30PM-6:35PM ET"
2026-03-19 22:32:35.000,BUY,Up,0.24,67.18,0,"Bitcoin Up or Down - March 19, 6:30PM-6:35PM ET"
2026-03-19 22:32:35.000,BUY,Up,0.24000009120017146,1.315787,0,"Bitcoin Up or Down - March 19, 6:30PM-6:35PM ET"
2026-03-19 22:32:35.000,BUY,Up,0.24,75,0,"Bitcoin Up or Down - March 19, 6:30PM-6:35PM ET"
2026-03-19 22:32:35.000,BUY,Up,0.24000009120017146,1.315787,0,"Bitcoin Up or Down - March 19, 6:30PM-6:35PM ET"
2026-03-19 22:32:35.000,BUY,Up,0.24,5.131575,0,"Bitcoin Up or Down - March 19, 6:30PM-6:35PM ET"
2026-03-19 22:32:35.000,BUY,Up,0.24,0.04,0,"Bitcoin Up or Down - March 19, 6:30PM-6:35PM ET"
2026-03-19 22:32:33.000,BUY,Down,0.87,4.34,0,"Solana Up or Down - March 19, 6:30PM-6:35PM ET"
2026-03-19 22:32:33.000,BUY,Down,0.7699999875303636,15.9132,0,"Bitcoin Up or Down - March 19, 6:30PM-6:35PM ET"
2026-03-19 22:32:33.000,BUY,Down,0.7420255183413078,74.55075,0,"Bitcoin Up or Down - March 19, 6:30PM-6:35PM ET"
2026-03-19 22:32:33.000,BUY,Down,0.8700011266694208,0.692306,0,"Solana Up or Down - March 19, 6:30PM-6:35PM ET"
2026-03-19 22:32:31.000,BUY,Down,0.68,4.94082,0,"Bitcoin Up or Down - March 19, 6:30PM-6:35PM ET"
2026-03-19 22:32:29.000,BUY,Down,0.36,14.80094,0,"Ethereum Up or Down - March 19, 6:30PM-6:35PM ET"
2026-03-19 22:32:29.000,BUY,Down,0.71,5.214149999999999,0,"XRP Up or Down - March 19, 6:30PM-6:35PM ET"
2026-03-19 22:32:27.000,BUY,Down,0.75,7,0,"Solana Up or Down - March 19, 6:30PM-6:35PM ET"
2026-03-19 22:32:27.000,BUY,Up,0.46999993705356113,7.038044999999999,0,"XRP Up or Down - March 19, 6:30PM-6:35PM ET"
2026-03-19 22:32:27.000,BUY,Up,0.4682301563721963,7.064736,0,"XRP Up or Down - March 19, 6:30PM-6:35PM ET"
2026-03-19 22:32:27.000,BUY,Up,0.46999993705356113,7.038044999999999,0,"XRP Up or Down - March 19, 6:30PM-6:35PM ET"
2026-03-19 22:32:27.000,BUY,Up,0.41999996060037154,12.502215,0,"XRP Up or Down - March 19, 6:30PM-6:35PM ET"
2026-03-19 22:32:27.000,BUY,Up,0.44,4.293830000000001,0,"XRP Up or Down - March 19, 6:30PM-6:35PM ET"
2026-03-19 22:32:27.000,BUY,Up,0.25,6.93848,0,"Solana Up or Down - March 19, 6:30PM-6:35PM ET"
2026-03-19 22:32:27.000,BUY,Up,0.43999996805280234,13.563686,0,"XRP Up or Down - March 19, 6:30PM-6:35PM ET"
2026-03-19 22:32:27.000,BUY,Down,0.56,7,0,"XRP Up or Down - March 19, 6:30PM-6:35PM ET"
2026-03-19 22:32:27.000,BUY,Up,0.25,6.89883,0,"Solana Up or Down - March 19, 6:30PM-6:35PM ET"
2026-03-19 22:32:25.000,BUY,Up,0.34,75,0,"Bitcoin Up or Down - March 19, 6:30PM-6:35PM ET"
2026-03-19 22:32:23.000,BUY,Down,0.64,9.176580000000001,0,"Bitcoin Up or Down - March 19, 6:30PM-6:35PM ET"
2026-03-19 22:32:21.000,BUY,Down,0.37,35,0,"Ethereum Up or Down - March 19, 6:30PM-6:35PM ET"
2026-03-19 22:32:21.000,BUY,Up,0.42000001496774636,5.344826,0,"XRP Up or Down - March 19, 6:30PM-6:35PM ET"
2026-03-19 22:32:21.000,BUY,Up,0.42,1.65,0,"XRP Up or Down - March 19, 6:30PM-6:35PM ET"
2026-03-19 22:32:19.000,BUY,Down,0.36,35,0,"Ethereum Up or Down - March 19, 6:30PM-6:35PM ET"
2026-03-19 22:32:19.000,BUY,Up,0.29,7.66,0,"Bitcoin Up or Down - March 19, 6:30PM-6:35PM ET"
2026-03-19 22:32:19.000,BUY,Up,0.29000003136547303,3.507041,0,"Bitcoin Up or Down - March 19, 6:30PM-6:35PM ET"
2026-03-19 22:32:15.000,BUY,Down,0.81,7,0,"Solana Up or Down - March 19, 6:30PM-6:35PM ET"
2026-03-19 22:32:15.000,BUY,Up,0.2900001171135035,1.366196,0,"XRP Up or Down - March 19, 6:30PM-6:35PM ET"
2026-03-19 22:32:15.000,BUY,Down,0.68,7,0,"XRP Up or Down - March 19, 6:30PM-6:35PM ET"
2026-03-19 22:32:15.000,BUY,Down,0.69,7,0,"XRP Up or Down - March 19, 6:30PM-6:35PM ET"
2026-03-19 22:32:09.000,BUY,Down,0.8199999895446264,79.90389200000001,0,"Bitcoin Up or Down - March 19, 6:30PM-6:35PM ET"
2026-03-19 22:32:07.000,BUY,Up,0.15,7,0,"XRP Up or Down - March 19, 6:30PM-6:35PM ET"
2026-03-19 22:32:07.000,BUY,Up,0.1,12.78406,0,"Solana Up or Down - March 19, 6:30PM-6:35PM ET"
2026-03-19 22:32:07.000,BUY,Up,0.12,3.068175,0,"Bitcoin Up or Down - March 19, 6:30PM-6:35PM ET"
2026-03-19 22:32:07.000,BUY,Up,0.12,1.138175,0,"Bitcoin Up or Down - March 19, 6:30PM-6:35PM ET"
2026-03-19 22:32:07.000,BUY,Up,0.12000003520017459,1.136358,0,"Bitcoin Up or Down - March 19, 6:30PM-6:35PM ET"
2026-03-19 22:32:05.000,BUY,Up,0.325964233338259,31.82338,0,"Ethereum Up or Down - March 19, 6:30PM-6:35PM ET"
2026-03-19 22:32:05.000,BUY,Up,0.12,6,0,"Bitcoin Up or Down - March 19, 6:30PM-6:35PM ET"
2026-03-19 22:32:05.000,BUY,Up,0.12,15.15,0,"Bitcoin Up or Down - March 19, 6:30PM-6:35PM ET"
2026-03-19 22:32:05.000,BUY,Up,0.12,9,0,"Bitcoin Up or Down - March 19, 6:30PM-6:35PM ET"
2026-03-19 22:32:05.000,BUY,Up,0.36,4.51922,0,"Ethereum Up or Down - March 19, 6:30PM-6:35PM ET"
2026-03-19 22:32:05.000,BUY,Up,0.35576469438892677,34.951555,0,"Ethereum Up or Down - March 19, 6:30PM-6:35PM ET"
2026-03-19 22:32:05.000,BUY,Up,0.12,44.85,0,"Bitcoin Up or Down - March 19, 6:30PM-6:35PM ET"
2026-03-19 22:32:05.000,BUY,Down,0.89,7,0,"Solana Up or Down - March 19, 6:30PM-6:35PM ET"
2026-03-19 22:32:05.000,BUY,Down,0.9,6,0,"Solana Up or Down - March 19, 6:30PM-6:35PM ET"
2026-03-19 22:32:05.000,BUY,Down,0.9,1,0,"Solana Up or Down - March 19, 6:30PM-6:35PM ET"
2026-03-19 22:32:05.000,BUY,Down,0.8,5.26608,0,"XRP Up or Down - March 19, 6:30PM-6:35PM ET"
2026-03-19 22:31:59.000,BUY,Up,0.19,2,0,"XRP Up or Down - March 19, 6:30PM-6:35PM ET"
2026-03-19 22:31:57.000,BUY,Up,0.19,5,0,"XRP Up or Down - March 19, 6:30PM-6:35PM ET"
2026-03-19 22:31:55.000,BUY,Up,0.18000005178963396,1.158533,0,"XRP Up or Down - March 19, 6:30PM-6:35PM ET"
2026-03-19 22:31:53.000,BUY,Down,0.7899999841999978,8.171237000000001,0,"XRP Up or Down - March 19, 6:30PM-6:35PM ET"
2026-03-19 22:31:49.000,BUY,Down,0.81,7,0,"XRP Up or Down - March 19, 6:30PM-6:35PM ET"
2026-03-19 22:31:49.000,BUY,Down,0.82,7,0,"XRP Up or Down - March 19, 6:30PM-6:35PM ET"
2026-03-19 22:31:49.000,BUY,Down,0.8700001430706891,5.661537,0,"Solana Up or Down - March 19, 6:30PM-6:35PM ET"
2026-03-19 22:31:41.000,BUY,Up,0.17,7,0,"XRP Up or Down - March 19, 6:30PM-6:35PM ET"
2026-03-19 22:31:35.000,BUY,Up,0.18,6.18,0,"XRP Up or Down - March 19, 6:30PM-6:35PM ET"
2026-03-19 22:31:35.000,BUY,Up,0.18,0.82,0,"XRP Up or Down - March 19, 6:30PM-6:35PM ET"
2026-03-19 22:31:33.000,BUY,Up,0.25,100.70703999999999,0,"Ethereum Up or Down - March 19, 6:30PM-6:35PM ET"
2026-03-19 22:31:33.000,BUY,Up,0.17,22.10941,0,"XRP Up or Down - March 19, 6:30PM-6:35PM ET"
2026-03-19 22:31:27.000,BUY,Down,0.75,4.04,0,"Ethereum Up or Down - March 19, 6:30PM-6:35PM ET"
2026-03-19 22:31:21.000,BUY,Down,0.82,65.82,0,"Bitcoin Up or Down - March 19, 6:30PM-6:35PM ET"
2026-03-19 22:31:21.000,BUY,Down,0.8199999870428881,10.746037,0,"XRP Up or Down - March 19, 6:30PM-6:35PM ET"
2026-03-19 22:31:19.000,BUY,Up,0.11,37.90895,0,"Solana Up or Down - March 19, 6:30PM-6:35PM ET"
2026-03-19 22:31:19.000,BUY,Up,0.23128511776811622,10.723755,0,"XRP Up or Down - March 19, 6:30PM-6:35PM ET"
2026-03-19 22:31:19.000,BUY,Up,0.11,37.90895,0,"Solana Up or Down - March 19, 6:30PM-6:35PM ET"
2026-03-19 22:31:19.000,BUY,Up,0.24,6.94178,0,"XRP Up or Down - March 19, 6:30PM-6:35PM ET"
2026-03-19 22:31:19.000,BUY,Up,0.23,35,0,"Ethereum Up or Down - March 19, 6:30PM-6:35PM ET"
2026-03-19 22:31:17.000,BUY,Down,0.77,35,0,"Ethereum Up or Down - March 19, 6:30PM-6:35PM ET"
2026-03-19 22:31:15.000,BUY,Up,0.21,5,0,"Ethereum Up or Down - March 19, 6:30PM-6:35PM ET"
2026-03-19 22:31:15.000,BUY,Up,0.18,34.80938,0,"Ethereum Up or Down - March 19, 6:30PM-6:35PM ET"
2026-03-19 22:31:15.000,BUY,Up,0.19,9.09,0,"Ethereum Up or Down - March 19, 6:30PM-6:35PM ET"
2026-03-19 22:31:15.000,BUY,Up,0.19000001620001183,4.938268,0,"Ethereum Up or Down - March 19, 6:30PM-6:35PM ET"
2026-03-19 22:31:15.000,BUY,Up,0.19,2.69,0,"Ethereum Up or Down - March 19, 6:30PM-6:35PM ET"
2026-03-19 22:31:13.000,BUY,Up,0.09,4.61,0,"Bitcoin Up or Down - March 19, 6:30PM-6:35PM ET"
2026-03-19 22:31:13.000,BUY,Up,0.09,3.37,0,"Bitcoin Up or Down - March 19, 6:30PM-6:35PM ET"
2026-03-19 22:31:13.000,BUY,Up,0.09,2.47,0,"Bitcoin Up or Down - March 19, 6:30PM-6:35PM ET"
2026-03-19 22:31:13.000,BUY,Up,0.09,64.55,0,"Bitcoin Up or Down - March 19, 6:30PM-6:35PM ET"
2026-03-19 22:31:09.000,BUY,Down,0.89,38.826750000000004,0,"Ethereum Up or Down - March 19, 6:30PM-6:35PM ET"
2026-03-19 22:31:05.000,BUY,Down,0.87,6.97762,0,"XRP Up or Down - March 19, 6:30PM-6:35PM ET"
2026-03-19 22:31:05.000,BUY,Down,0.87,6.97762,0,"XRP Up or Down - March 19, 6:30PM-6:35PM ET"
2026-03-19 22:31:05.000,BUY,Down,0.8699999942950801,6.989071999999999,0,"XRP Up or Down - March 19, 6:30PM-6:35PM ET"
2026-03-19 22:31:03.000,BUY,Up,0.16,7,0,"Solana Up or Down - March 19, 6:30PM-6:35PM ET"
2026-03-19 22:31:03.000,BUY,Down,0.86,10.77476,0,"Solana Up or Down - March 19, 6:30PM-6:35PM ET"
2026-03-19 22:31:01.000,BUY,Up,0.16,7,0,"XRP Up or Down - March 19, 6:30PM-6:35PM ET"
2026-03-19 22:31:01.000,BUY,Down,0.78,5,0,"Ethereum Up or Down - March 19, 6:30PM-6:35PM ET"
2026-03-19 22:30:59.000,BUY,Up,0.18,18.02,0,"Ethereum Up or Down - March 19, 6:30PM-6:35PM ET"
2026-03-19 22:30:59.000,BUY,Up,0.18,16.98,0,"Ethereum Up or Down - March 19, 6:30PM-6:35PM ET"
2026-03-19 22:30:51.000,BUY,Down,0.75,8.973761999999999,0,"Bitcoin Up or Down - March 19, 6:30PM-6:35PM ET"
2026-03-19 22:30:49.000,BUY,Down,0.7399999871861447,6.185472000000001,0,"Bitcoin Up or Down - March 19, 6:30PM-6:35PM ET"
2026-03-19 22:30:49.000,BUY,Down,0.7399999950643157,28.102361000000002,0,"Bitcoin Up or Down - March 19, 6:30PM-6:35PM ET"
2026-03-19 22:30:49.000,BUY,Down,0.7399999957252887,41.718427,0,"Bitcoin Up or Down - March 19, 6:30PM-6:35PM ET"
2026-03-19 22:30:49.000,BUY,Up,0.24,35,0,"Ethereum Up or Down - March 19, 6:30PM-6:35PM ET"
2026-03-19 22:30:49.000,BUY,Down,0.76,55.03839,0,"Ethereum Up or Down - March 19, 6:30PM-6:35PM ET"
2026-03-19 22:30:47.000,BUY,Down,0.8,1.45066,0,"Solana Up or Down - March 19, 6:30PM-6:35PM ET"
2026-03-19 22:30:47.000,BUY,Up,0.35,6,0,"Bitcoin Up or Down - March 19, 6:30PM-6:35PM ET"
2026-03-19 22:30:47.000,BUY,Up,0.35,1.96,0,"Bitcoin Up or Down - March 19, 6:30PM-6:35PM ET"
2026-03-19 22:30:47.000,BUY,Up,0.35,41,0,"Bitcoin Up or Down - March 19, 6:30PM-6:35PM ET"
2026-03-19 22:30:47.000,BUY,Up,0.35000000576122026,26.036151,0,"Bitcoin Up or Down - March 19, 6:30PM-6:35PM ET"
2026-03-19 22:30:45.000,BUY,Down,0.7899999986276779,21.710347,0,"Solana Up or Down - March 19, 6:30PM-6:35PM ET"
2026-03-19 22:30:45.000,BUY,Up,0.27,7,0,"XRP Up or Down - March 19, 6:30PM-6:35PM ET"
2026-03-19 22:30:45.000,BUY,Up,0.28,7,0,"XRP Up or Down - March 19, 6:30PM-6:35PM ET"
2026-03-19 22:30:45.000,BUY,Down,0.679999988070173,6.626500999999999,0,"XRP Up or Down - March 19, 6:30PM-6:35PM ET"
2026-03-19 22:30:45.000,BUY,Down,0.69,5.93138,0,"Solana Up or Down - March 19, 6:30PM-6:35PM ET"
2026-03-19 22:30:45.000,BUY,Up,0.34,7,0,"XRP Up or Down - March 19, 6:30PM-6:35PM ET"
2026-03-19 22:30:45.000,BUY,Down,0.6599999827450956,9.155996,0,"XRP Up or Down - March 19, 6:30PM-6:35PM ET"
2026-03-19 22:30:45.000,BUY,Down,0.6200000183985128,14.131577,0,"Ethereum Up or Down - March 19, 6:30PM-6:35PM ET"
2026-03-19 22:30:43.000,BUY,Down,0.55,5,0,"Ethereum Up or Down - March 19, 6:30PM-6:35PM ET"
2026-03-19 22:30:43.000,BUY,Down,0.68,4.94082,0,"Solana Up or Down - March 19, 6:30PM-6:35PM ET"
2026-03-19 22:30:41.000,BUY,Up,0.35,6.90943,0,"XRP Up or Down - March 19, 6:30PM-6:35PM ET"
2026-03-19 22:30:41.000,BUY,Up,0.39000009104483047,2.19672,0,"Ethereum Up or Down - March 19, 6:30PM-6:35PM ET"
2026-03-19 22:30:41.000,BUY,Up,0.31,2,0,"XRP Up or Down - March 19, 6:30PM-6:35PM ET"
2026-03-19 22:30:41.000,BUY,Up,0.37,1.5873,0,"Bitcoin Up or Down - March 19, 6:30PM-6:35PM ET"
2026-03-19 22:30:41.000,BUY,Down,0.55,20,0,"Ethereum Up or Down - March 19, 6:30PM-6:35PM ET"
2026-03-19 22:30:33.000,BUY,Up,0.39,0.11,0,"Ethereum Up or Down - March 19, 6:30PM-6:35PM ET"
2026-03-19 22:30:33.000,BUY,Up,0.39,7,0,"Ethereum Up or Down - March 19, 6:30PM-6:35PM ET"
2026-03-19 22:30:33.000,BUY,Up,0.39,5,0,"Ethereum Up or Down - March 19, 6:30PM-6:35PM ET"
2026-03-19 22:30:33.000,BUY,Down,0.63,0.14,0,"Solana Up or Down - March 19, 6:30PM-6:35PM ET"
2026-03-19 22:30:31.000,BUY,Up,0.39,5,0,"Ethereum Up or Down - March 19, 6:30PM-6:35PM ET"
2026-03-19 22:30:31.000,BUY,Down,0.6300001369000863,2.702701,0,"Solana Up or Down - March 19, 6:30PM-6:35PM ET"
2026-03-19 22:30:31.000,BUY,Up,0.39000014030010804,1.639343,0,"Ethereum Up or Down - March 19, 6:30PM-6:35PM ET"
2026-03-19 22:30:31.000,BUY,Up,0.39,5,0,"Ethereum Up or Down - March 19, 6:30PM-6:35PM ET"
2026-03-19 22:30:31.000,BUY,Up,0.39,5,0,"Ethereum Up or Down - March 19, 6:30PM-6:35PM ET"
2026-03-19 22:30:29.000,BUY,Down,0.68,6.91714,0,"XRP Up or Down - March 19, 6:30PM-6:35PM ET"
2026-03-19 22:30:27.000,BUY,Up,0.39,6.25,0,"Ethereum Up or Down - March 19, 6:30PM-6:35PM ET"
2026-03-19 22:30:27.000,BUY,Down,0.6300001399231002,4.145134,0,"Solana Up or Down - March 19, 6:30PM-6:35PM ET"
2026-03-19 22:30:25.000,BUY,Up,0.29,7,0,"XRP Up or Down - March 19, 6:30PM-6:35PM ET"
2026-03-19 22:30:23.000,BUY,Down,0.56,6.89376,0,"XRP Up or Down - March 19, 6:30PM-6:35PM ET"
2026-03-19 22:30:23.000,BUY,Down,0.56,9.84822,0,"Solana Up or Down - March 19, 6:30PM-6:35PM ET"
2026-03-19 22:30:23.000,BUY,Down,0.509999976155839,7.431168,0,"Bitcoin Up or Down - March 19, 6:30PM-6:35PM ET"
2026-03-19 22:30:21.000,,,0,1051.273009,0,"Bitcoin Up or Down - March 19, 6:25PM-6:30PM ET"
2026-03-19 22:30:21.000,BUY,Down,0.49,75,0,"Bitcoin Up or Down - March 19, 6:30PM-6:35PM ET"
2026-03-19 22:30:21.000,BUY,Down,0.5,4.92188,0,"Bitcoin Up or Down - March 19, 6:30PM-6:35PM ET"
2026-03-19 22:30:17.000,BUY,Down,0.51,31.94338,0,"Bitcoin Up or Down - March 19, 6:30PM-6:35PM ET"
2026-03-19 22:30:17.000,BUY,Down,0.55,75,0,"Bitcoin Up or Down - March 19, 6:30PM-6:35PM ET"
2026-03-19 22:30:17.000,BUY,Down,0.55,30.52527,0,"XRP Up or Down - March 19, 6:30PM-6:35PM ET"
2026-03-19 22:30:15.000,BUY,Down,0.53,6,0,"Bitcoin Up or Down - March 19, 6:30PM-6:35PM ET"
2026-03-19 22:30:15.000,BUY,Down,0.52,3.84,0,"Ethereum Up or Down - March 19, 6:30PM-6:35PM ET"
2026-03-19 22:30:13.000,BUY,Up,0.47,23.6277,0,"Solana Up or Down - March 19, 6:30PM-6:35PM ET"
2026-03-19 22:30:13.000,BUY,Down,0.530000010506707,28.55319,0,"Bitcoin Up or Down - March 19, 6:30PM-6:35PM ET"
2026-03-19 22:30:13.000,BUY,Down,0.53,4.92244,0,"Bitcoin Up or Down - March 19, 6:30PM-6:35PM ET"
2026-03-19 22:30:13.000,BUY,Down,0.54,7,0,"Solana Up or Down - March 19, 6:30PM-6:35PM ET"
2026-03-19 22:30:11.000,BUY,Down,0.53,0.29,0,"Bitcoin Up or Down - March 19, 6:30PM-6:35PM ET"
2026-03-19 22:30:11.000,BUY,Down,0.53,12.5,0,"Bitcoin Up or Down - March 19, 6:30PM-6:35PM ET"
2026-03-19 22:30:11.000,BUY,Down,0.52,12,0,"Ethereum Up or Down - March 19, 6:30PM-6:35PM ET"
2026-03-19 22:30:11.000,BUY,Down,0.53,10,0,"Bitcoin Up or Down - March 19, 6:30PM-6:35PM ET"
2026-03-19 22:30:11.000,BUY,Down,0.53,5,0,"Bitcoin Up or Down - March 19, 6:30PM-6:35PM ET"
2026-03-19 22:30:11.000,BUY,Down,0.53,12.65,0,"Bitcoin Up or Down - March 19, 6:30PM-6:35PM ET"
2026-03-19 22:30:09.000,BUY,Down,0.5200001728001106,2.083332,0,"Ethereum Up or Down - March 19, 6:30PM-6:35PM ET"
2026-03-19 22:30:09.000,BUY,Down,0.5400000037110378,59.282607,0,"Bitcoin Up or Down - March 19, 6:30PM-6:35PM ET"
2026-03-19 22:30:09.000,BUY,Down,0.54,8.51,0,"Bitcoin Up or Down - March 19, 6:30PM-6:35PM ET"
2026-03-19 22:30:09.000,BUY,Down,0.54,7.2,0,"Bitcoin Up or Down - March 19, 6:30PM-6:35PM ET"
2026-03-19 22:30:01.000,BUY,Down,0.94,7,0,"Solana Up or Down - March 19, 6:25PM-6:30PM ET"
2026-03-19 22:29:59.000,BUY,Down,0.9397527761866024,204.26228,0,"Bitcoin Up or Down - March 19, 6:25PM-6:30PM ET"
2026-03-19 22:29:59.000,BUY,Down,0.9075450888162228,108.651496,0,"Bitcoin Up or Down - March 19, 6:25PM-6:30PM ET"
2026-03-19 22:29:57.000,BUY,Up,0.57,1.08,0,"Bitcoin Up or Down - March 19, 6:25PM-6:30PM ET"
2026-03-19 22:29:57.000,BUY,Up,0.5899999969225753,102.46189799999999,0,"Bitcoin Up or Down - March 19, 6:25PM-6:30PM ET"
2026-03-19 22:29:57.000,BUY,Down,0.01,11.26973,0,"Ethereum Up or Down - March 19, 6:25PM-6:30PM ET"
2026-03-19 22:29:57.000,BUY,Down,0.01,163.99599,0,"Ethereum Up or Down - March 19, 6:25PM-6:30PM ET"
2026-03-19 22:29:55.000,BUY,Up,0.5700000046659339,32.147905,0,"Bitcoin Up or Down - March 19, 6:25PM-6:30PM ET"
2026-03-19 22:29:53.000,BUY,Up,0.4145879676964104,33.461307,0,"Solana Up or Down - March 19, 6:25PM-6:30PM ET"
2026-03-19 22:29:53.000,BUY,Up,0.54,75,0,"Bitcoin Up or Down - March 19, 6:25PM-6:30PM ET"
2026-03-19 22:29:53.000,BUY,Down,0.45839721189350363,307.14946000000003,0,"Bitcoin Up or Down - March 19, 6:25PM-6:30PM ET"
2026-03-19 22:29:53.000,BUY,Up,0.53,52.19,0,"Bitcoin Up or Down - March 19, 6:25PM-6:30PM ET"
2026-03-19 22:29:53.000,BUY,Up,0.5041714393886763,203.056377,0,"Bitcoin Up or Down - March 19, 6:25PM-6:30PM ET"
2026-03-19 22:29:51.000,BUY,Down,0.57,75,0,"Bitcoin Up or Down - March 19, 6:25PM-6:30PM ET"
2026-03-19 22:29:49.000,BUY,Up,0.38,1.75,0,"Solana Up or Down - March 19, 6:25PM-6:30PM ET"
2026-03-19 22:29:49.000,BUY,Up,0.9299999982660033,17.282741,0,"XRP Up or Down - March 19, 6:25PM-6:30PM ET"
2026-03-19 22:29:47.000,BUY,Down,0.5900001620161957,3.024389,0,"Bitcoin Up or Down - March 19, 6:25PM-6:30PM ET"
2026-03-19 22:29:47.000,BUY,Down,0.59,24.03321,0,"Bitcoin Up or Down - March 19, 6:25PM-6:30PM ET"
2026-03-19 22:29:47.000,BUY,Down,0.5900000820000157,6.219511,0,"Bitcoin Up or Down - March 19, 6:25PM-6:30PM ET"
2026-03-19 22:29:47.000,BUY,Down,0.59,5.04,0,"Bitcoin Up or Down - March 19, 6:25PM-6:30PM ET"
2026-03-19 22:29:47.000,BUY,Down,0.59,2,0,"Bitcoin Up or Down - March 19, 6:25PM-6:30PM ET"
2026-03-19 22:29:45.000,BUY,Up,0.4,75,0,"Bitcoin Up or Down - March 19, 6:25PM-6:30PM ET"
2026-03-19 22:29:43.000,BUY,Up,0.38,5,0,"Bitcoin Up or Down - March 19, 6:25PM-6:30PM ET"
2026-03-19 22:29:43.000,BUY,Up,0.41,2.18,0,"Bitcoin Up or Down - March 19, 6:25PM-6:30PM ET"
2026-03-19 22:29:43.000,BUY,Up,0.41000015340011353,1.694914,0,"Bitcoin Up or Down - March 19, 6:25PM-6:30PM ET"
2026-03-19 22:29:43.000,BUY,Up,0.41,8.96,0,"Bitcoin Up or Down - March 19, 6:25PM-6:30PM ET"
2026-03-19 22:29:43.000,BUY,Up,0.41000015340011353,1.694914,0,"Bitcoin Up or Down - March 19, 6:25PM-6:30PM ET"
2026-03-19 22:29:43.000,BUY,Up,0.4100008816129448,0.294914,0,"Bitcoin Up or Down - March 19, 6:25PM-6:30PM ET"
2026-03-19 22:29:41.000,BUY,Up,0.3900000938899547,3.514753,0,"Solana Up or Down - March 19, 6:25PM-6:30PM ET"
2026-03-19 22:29:41.000,BUY,Up,0.39,7.88681,0,"Solana Up or Down - March 19, 6:25PM-6:30PM ET"
2026-03-19 22:29:41.000,BUY,Up,0.39,5,0,"Bitcoin Up or Down - March 19, 6:25PM-6:30PM ET"
2026-03-19 22:29:41.000,BUY,Up,0.39000014030010804,1.639343,0,"Bitcoin Up or Down - March 19, 6:25PM-6:30PM ET"
2026-03-19 22:29:41.000,BUY,Up,0.39,5,0,"Bitcoin Up or Down - March 19, 6:25PM-6:30PM ET"
2026-03-19 22:29:41.000,BUY,Up,0.38,2.02,0,"Bitcoin Up or Down - March 19, 6:25PM-6:30PM ET"
2026-03-19 22:29:41.000,BUY,Down,0.2100001304591728,1.379742,0,"XRP Up or Down - March 19, 6:25PM-6:30PM ET"
2026-03-19 22:29:41.000,BUY,Up,0.39,3.48,0,"Solana Up or Down - March 19, 6:25PM-6:30PM ET"
2026-03-19 22:29:41.000,BUY,Down,0.6099999673479177,6.642372,0,"Solana Up or Down - March 19, 6:25PM-6:30PM ET"
2026-03-19 22:29:41.000,BUY,Down,0.21,7,0,"XRP Up or Down - March 19, 6:25PM-6:30PM ET"
2026-03-19 22:29:41.000,BUY,Down,0.2,2,0,"XRP Up or Down - March 19, 6:25PM-6:30PM ET"
2026-03-19 22:29:37.000,BUY,Up,0.39,6.74,0,"Solana Up or Down - March 19, 6:25PM-6:30PM ET"
2026-03-19 22:29:37.000,BUY,Down,0.22,0.83,0,"XRP Up or Down - March 19, 6:25PM-6:30PM ET"
2026-03-19 22:29:37.000,BUY,Down,0.22,6.17,0,"XRP Up or Down - March 19, 6:25PM-6:30PM ET"
2026-03-19 22:29:37.000,BUY,Down,0.6099999589118986,6.238336,0,"Solana Up or Down - March 19, 6:25PM-6:30PM ET"
2026-03-19 22:29:35.000,BUY,Up,0.45,49.2343,0,"Bitcoin Up or Down - March 19, 6:25PM-6:30PM ET"
2026-03-19 22:29:35.000,BUY,Down,0.55,5,0,"Bitcoin Up or Down - March 19, 6:25PM-6:30PM ET"
2026-03-19 22:29:35.000,BUY,Up,0.4,7,0,"Solana Up or Down - March 19, 6:25PM-6:30PM ET"
2026-03-19 22:29:35.000,BUY,Down,0.6,10.611635,0,"Solana Up or Down - March 19, 6:25PM-6:30PM ET"
2026-03-19 22:29:35.000,BUY,Down,0.54,74.13,0,"Bitcoin Up or Down - March 19, 6:25PM-6:30PM ET"
2026-03-19 22:29:35.000,BUY,Down,0.5400005060007084,0.869564,0,"Bitcoin Up or Down - March 19, 6:25PM-6:30PM ET"
2026-03-19 22:29:35.000,BUY,Down,0.55,70,0,"Bitcoin Up or Down - March 19, 6:25PM-6:30PM ET"
2026-03-19 22:29:33.000,BUY,Down,0.03,5.01,0,"Ethereum Up or Down - March 19, 6:25PM-6:30PM ET"
2026-03-19 22:29:33.000,BUY,Down,0.03000000084208165,11.875333,0,"Ethereum Up or Down - March 19, 6:25PM-6:30PM ET"
2026-03-19 22:29:31.000,BUY,Up,0.36,7,0,"Solana Up or Down - March 19, 6:25PM-6:30PM ET"
2026-03-19 22:29:31.000,BUY,Up,0.43,75,0,"Bitcoin Up or Down - March 19, 6:25PM-6:30PM ET"
2026-03-19 22:29:27.000,BUY,Down,0.61,4.92926,0,"Solana Up or Down - March 19, 6:25PM-6:30PM ET"
2026-03-19 22:29:27.000,BUY,Up,0.38000010238535115,3.516128,0,"Solana Up or Down - March 19, 6:25PM-6:30PM ET"
2026-03-19 22:29:21.000,BUY,Up,0.9300000980000136,9.285713,0,"Ethereum Up or Down - March 19, 6:25PM-6:30PM ET"
2026-03-19 22:29:19.000,BUY,Down,0.6,4.928,0,"Solana Up or Down - March 19, 6:25PM-6:30PM ET"
2026-03-19 22:29:19.000,BUY,Up,0.41000000312169393,6.406778,0,"Solana Up or Down - March 19, 6:25PM-6:30PM ET"
2026-03-19 22:29:09.000,BUY,Up,0.9,10,0,"Ethereum Up or Down - March 19, 6:25PM-6:30PM ET"
2026-03-19 22:29:05.000,BUY,Down,0.6,4.928,0,"Solana Up or Down - March 19, 6:25PM-6:30PM ET"
2026-03-19 22:29:05.000,BUY,Down,0.6,4.928,0,"Solana Up or Down - March 19, 6:25PM-6:30PM ET"
2026-03-19 22:29:05.000,BUY,Down,0.54,72.6,0,"Bitcoin Up or Down - March 19, 6:25PM-6:30PM ET"
2026-03-19 22:29:03.000,BUY,Down,0.55,5,0,"Bitcoin Up or Down - March 19, 6:25PM-6:30PM ET"
2026-03-19 22:29:03.000,BUY,Down,0.5400001589091805,2.391303,0,"Bitcoin Up or Down - March 19, 6:25PM-6:30PM ET"
2026-03-19 22:29:03.000,BUY,Down,0.55,6.12475,0,"Bitcoin Up or Down - March 19, 6:25PM-6:30PM ET"
2026-03-19 22:29:03.000,BUY,Up,0.6776273531418185,20.822128,0,"XRP Up or Down - March 19, 6:25PM-6:30PM ET"
2026-03-19 22:29:03.000,BUY,Down,0.11,4.93,0,"Ethereum Up or Down - March 19, 6:25PM-6:30PM ET"
2026-03-19 22:29:03.000,BUY,Down,0.11,22.1,0,"Ethereum Up or Down - March 19, 6:25PM-6:30PM ET"
2026-03-19 22:28:59.000,BUY,Up,0.44,8.77,0,"Bitcoin Up or Down - March 19, 6:25PM-6:30PM ET"
2026-03-19 22:28:59.000,BUY,Up,0.44,8,0,"Bitcoin Up or Down - March 19, 6:25PM-6:30PM ET"
2026-03-19 22:28:59.000,BUY,Up,0.440000031111118,6.42857,0,"Bitcoin Up or Down - March 19, 6:25PM-6:30PM ET"
2026-03-19 22:28:57.000,BUY,Down,0.57,23.63956,0,"Solana Up or Down - March 19, 6:25PM-6:30PM ET"
2026-03-19 22:28:57.000,BUY,Up,0.4400000224000036,17.85714,0,"Bitcoin Up or Down - March 19, 6:25PM-6:30PM ET"
2026-03-19 22:28:57.000,BUY,Up,0.44000005860466207,6.142856,0,"Bitcoin Up or Down - March 19, 6:25PM-6:30PM ET"
2026-03-19 22:28:57.000,BUY,Down,0.5699999668497543,10.696558,0,"Solana Up or Down - March 19, 6:25PM-6:30PM ET"
2026-03-19 22:28:57.000,BUY,Up,0.44,6.79,0,"Bitcoin Up or Down - March 19, 6:25PM-6:30PM ET"
2026-03-19 22:28:57.000,BUY,Down,0.5926701570680628,9.410860000000001,0,"Solana Up or Down - March 19, 6:25PM-6:30PM ET"
2026-03-19 22:28:57.000,BUY,Down,0.5699999763658489,14.169912,0,"Solana Up or Down - March 19, 6:25PM-6:30PM ET"
2026-03-19 22:28:57.000,BUY,Up,0.44,15,0,"Bitcoin Up or Down - March 19, 6:25PM-6:30PM ET"
2026-03-19 22:28:55.000,BUY,Up,0.41,9.85372,0,"Solana Up or Down - March 19, 6:25PM-6:30PM ET"
2026-03-19 22:28:43.000,BUY,Down,0.13,9.86,0,"Ethereum Up or Down - March 19, 6:25PM-6:30PM ET"
2026-03-19 22:28:39.000,BUY,Up,0.45,1.81818,0,"Bitcoin Up or Down - March 19, 6:25PM-6:30PM ET"
2026-03-19 22:28:39.000,BUY,Up,0.45,1.56,0,"Bitcoin Up or Down - March 19, 6:25PM-6:30PM ET"
2026-03-19 22:28:39.000,BUY,Up,0.45,9.56,0,"Bitcoin Up or Down - March 19, 6:25PM-6:30PM ET"
2026-03-19 22:28:37.000,BUY,Up,0.45,14.96,0,"Bitcoin Up or Down - March 19, 6:25PM-6:30PM ET"
2026-03-19 22:28:37.000,BUY,Up,0.45,2.59,0,"Bitcoin Up or Down - March 19, 6:25PM-6:30PM ET"
2026-03-19 22:28:37.000,BUY,Up,0.45,1.81818,0,"Bitcoin Up or Down - March 19, 6:25PM-6:30PM ET"
2026-03-19 22:28:37.000,BUY,Up,0.45,42.69,0,"Bitcoin Up or Down - March 19, 6:25PM-6:30PM ET"
2026-03-19 22:28:35.000,BUY,Up,0.4099999724091502,17.856849999999998,0,"Solana Up or Down - March 19, 6:25PM-6:30PM ET"
2026-03-19 22:28:33.000,BUY,Down,0.1400000521214064,1.534878,0,"Ethereum Up or Down - March 19, 6:25PM-6:30PM ET"
2026-03-19 22:28:33.000,BUY,Down,0.1400000860004214,1.162785,0,"Ethereum Up or Down - March 19, 6:25PM-6:30PM ET"
2026-03-19 22:28:33.000,BUY,Down,0.5,9.14,0,"Bitcoin Up or Down - March 19, 6:25PM-6:30PM ET"
2026-03-19 22:28:33.000,BUY,Down,0.5190330602387997,204.837409,0,"Bitcoin Up or Down - March 19, 6:25PM-6:30PM ET"
2026-03-19 22:28:31.000,BUY,Down,0.5,16.86,0,"Bitcoin Up or Down - March 19, 6:25PM-6:30PM ET"
2026-03-19 22:28:31.000,BUY,Down,0.5,49,0,"Bitcoin Up or Down - March 19, 6:25PM-6:30PM ET"
2026-03-19 22:28:31.000,BUY,Down,0.15000000258193874,19.365293,0,"Ethereum Up or Down - March 19, 6:25PM-6:30PM ET"
2026-03-19 22:28:31.000,BUY,Up,0.45,16.60181,0,"Bitcoin Up or Down - March 19, 6:25PM-6:30PM ET"
2026-03-19 22:28:29.000,BUY,Up,0.44000021777799553,1.285713,0,"Bitcoin Up or Down - March 19, 6:25PM-6:30PM ET"
2026-03-19 22:28:29.000,BUY,Down,0.55,1.33,0,"Bitcoin Up or Down - March 19, 6:25PM-6:30PM ET"
2026-03-19 22:28:29.000,BUY,Down,0.44,7,0,"XRP Up or Down - March 19, 6:25PM-6:30PM ET"
2026-03-19 22:28:29.000,BUY,Up,0.4400001568001129,1.785713,0,"Bitcoin Up or Down - March 19, 6:25PM-6:30PM ET"
2026-03-19 22:28:29.000,BUY,Up,0.4400000164457136,17.025713,0,"Bitcoin Up or Down - March 19, 6:25PM-6:30PM ET"
2026-03-19 22:28:29.000,BUY,Down,0.55,22.65,0,"Bitcoin Up or Down - March 19, 6:25PM-6:30PM ET"
2026-03-19 22:28:29.000,BUY,Down,0.550000072289174,5.533332,0,"Bitcoin Up or Down - March 19, 6:25PM-6:30PM ET"
2026-03-19 22:28:29.000,BUY,Down,0.55,5,0,"Bitcoin Up or Down - March 19, 6:25PM-6:30PM ET"
2026-03-19 22:28:27.000,BUY,Up,0.77,35,0,"Ethereum Up or Down - March 19, 6:25PM-6:30PM ET"
2026-03-19 22:28:27.000,BUY,Down,0.5500000473435084,10.56111,0,"Bitcoin Up or Down - March 19, 6:25PM-6:30PM ET"
2026-03-19 22:28:25.000,BUY,Up,0.44,37.99,0,"Bitcoin Up or Down - March 19, 6:25PM-6:30PM ET"
2026-03-19 22:28:25.000,BUY,Up,0.43000000708500447,43.754383,0,"Bitcoin Up or Down - March 19, 6:25PM-6:30PM ET"
2026-03-19 22:28:25.000,BUY,Up,0.4300000665000366,5.263155,0,"Bitcoin Up or Down - March 19, 6:25PM-6:30PM ET"
2026-03-19 22:28:25.000,BUY,Up,0.4300000680973671,3.964911,0,"Bitcoin Up or Down - March 19, 6:25PM-6:30PM ET"
2026-03-19 22:28:25.000,BUY,Up,0.43,2.81,0,"Bitcoin Up or Down - March 19, 6:25PM-6:30PM ET"
2026-03-19 22:28:25.000,BUY,Up,0.43,10.13,0,"Bitcoin Up or Down - March 19, 6:25PM-6:30PM ET"
2026-03-19 22:28:25.000,BUY,Up,0.43,3,0,"Bitcoin Up or Down - March 19, 6:25PM-6:30PM ET"
2026-03-19 22:28:25.000,BUY,Up,0.43,6.06,0,"Bitcoin Up or Down - March 19, 6:25PM-6:30PM ET"
2026-03-19 22:28:23.000,BUY,Up,0.42,58.96212,0,"Bitcoin Up or Down - March 19, 6:25PM-6:30PM ET"
2026-03-19 22:28:21.000,,,0,640.328407,0,"Bitcoin Up or Down - March 19, 6:25PM-6:30PM ET"
2026-03-19 22:28:19.000,BUY,Down,0.75,8.9209,0,"Solana Up or Down - March 19, 6:25PM-6:30PM ET"
2026-03-19 22:28:15.000,BUY,Up,0.35,7,0,"Solana Up or Down - March 19, 6:25PM-6:30PM ET"
2026-03-19 22:28:15.000,BUY,Up,0.36,7,0,"Solana Up or Down - March 19, 6:25PM-6:30PM ET"
2026-03-19 22:28:13.000,BUY,Down,0.62,4,0,"Solana Up or Down - March 19, 6:25PM-6:30PM ET"
2026-03-19 22:28:13.000,BUY,Down,0.62,3,0,"Solana Up or Down - March 19, 6:25PM-6:30PM ET"
2026-03-19 22:28:13.000,BUY,Up,0.6100000934033782,6.102563,0,"Ethereum Up or Down - March 19, 6:25PM-6:30PM ET"
2026-03-19 22:28:13.000,BUY,Up,0.36,7,0,"Solana Up or Down - March 19, 6:25PM-6:30PM ET"
2026-03-19 22:28:13.000,BUY,Down,0.62,7,0,"Solana Up or Down - March 19, 6:25PM-6:30PM ET"
2026-03-19 22:28:05.000,BUY,Down,0.66,75,0,"Bitcoin Up or Down - March 19, 6:25PM-6:30PM ET"
2026-03-19 22:28:05.000,BUY,Down,0.74,4,0,"Solana Up or Down - March 19, 6:25PM-6:30PM ET"
2026-03-19 22:28:05.000,BUY,Down,0.74,3,0,"Solana Up or Down - March 19, 6:25PM-6:30PM ET"
2026-03-19 22:28:03.000,BUY,Down,0.74,2,0,"Solana Up or Down - March 19, 6:25PM-6:30PM ET"
2026-03-19 22:28:03.000,BUY,Down,0.74,5,0,"Solana Up or Down - March 19, 6:25PM-6:30PM ET"
2026-03-19 22:28:01.000,BUY,Up,0.34,75,0,"Bitcoin Up or Down - March 19, 6:25PM-6:30PM ET"
2026-03-19 22:27:59.000,BUY,Down,0.4,14,0,"Ethereum Up or Down - March 19, 6:25PM-6:30PM ET"
2026-03-19 22:27:57.000,BUY,Up,0.34,75,0,"Bitcoin Up or Down - March 19, 6:25PM-6:30PM ET"
2026-03-19 22:27:53.000,BUY,Up,0.44,7,0,"XRP Up or Down - March 19, 6:25PM-6:30PM ET"
2026-03-19 22:27:51.000,BUY,Up,0.3500000522088521,3.830768,0,"Bitcoin Up or Down - March 19, 6:25PM-6:30PM ET"
2026-03-19 22:27:51.000,BUY,Up,0.35,1.53846,0,"Bitcoin Up or Down - March 19, 6:25PM-6:30PM ET"
2026-03-19 22:27:51.000,BUY,Up,0.35,8,0,"Bitcoin Up or Down - March 19, 6:25PM-6:30PM ET"
2026-03-19 22:27:51.000,BUY,Up,0.3500000054166668,46.153845,0,"Bitcoin Up or Down - March 19, 6:25PM-6:30PM ET"
2026-03-19 22:27:51.000,BUY,Up,0.3500000596330658,4.192305,0,"Bitcoin Up or Down - March 19, 6:25PM-6:30PM ET"
2026-03-19 22:27:47.000,BUY,Down,0.52,7,0,"XRP Up or Down - March 19, 6:25PM-6:30PM ET"
2026-03-19 22:27:45.000,BUY,Down,0.72,7,0,"Solana Up or Down - March 19, 6:25PM-6:30PM ET"
2026-03-19 22:27:45.000,BUY,Up,0.4099999734644654,18.938351,0,"XRP Up or Down - March 19, 6:25PM-6:30PM ET"
2026-03-19 22:27:41.000,BUY,Down,0.5400002392001149,2.173912,0,"Bitcoin Up or Down - March 19, 6:25PM-6:30PM ET"
2026-03-19 22:27:41.000,BUY,Down,0.5400001174468618,3.065216,0,"Bitcoin Up or Down - March 19, 6:25PM-6:30PM ET"
2026-03-19 22:27:41.000,BUY,Down,0.54,4.36,0,"Bitcoin Up or Down - March 19, 6:25PM-6:30PM ET"
2026-03-19 22:27:41.000,BUY,Down,0.54,5.26,0,"Bitcoin Up or Down - March 19, 6:25PM-6:30PM ET"
2026-03-19 22:27:41.000,BUY,Down,0.5499999978620019,184.22578800000002,0,"Bitcoin Up or Down - March 19, 6:25PM-6:30PM ET"
2026-03-19 22:27:41.000,BUY,Down,0.5400000404800045,10.869564,0,"Bitcoin Up or Down - March 19, 6:25PM-6:30PM ET"
2026-03-19 22:27:41.000,BUY,Down,0.5400000227160509,19.369564,0,"Bitcoin Up or Down - March 19, 6:25PM-6:30PM ET"
2026-03-19 22:27:35.000,BUY,Up,0.44000000785965176,5.089284,0,"XRP Up or Down - March 19, 6:25PM-6:30PM ET"
2026-03-19 22:27:27.000,BUY,Down,0.540000059116482,5.413042,0,"Bitcoin Up or Down - March 19, 6:25PM-6:30PM ET"
2026-03-19 22:27:27.000,BUY,Down,0.54,5,0,"Bitcoin Up or Down - March 19, 6:25PM-6:30PM ET"
2026-03-19 22:27:27.000,BUY,Down,0.540000012777781,7.826085,0,"Bitcoin Up or Down - March 19, 6:25PM-6:30PM ET"
2026-03-19 22:27:27.000,BUY,Down,0.540000020403229,10.782607,0,"Bitcoin Up or Down - March 19, 6:25PM-6:30PM ET"
2026-03-19 22:27:27.000,BUY,Down,0.54,8.16,0,"Bitcoin Up or Down - March 19, 6:25PM-6:30PM ET"
2026-03-19 22:27:27.000,BUY,Down,0.540000059116482,5.413042,0,"Bitcoin Up or Down - March 19, 6:25PM-6:30PM ET"
2026-03-19 22:27:27.000,BUY,Down,0.54,5,0,"Bitcoin Up or Down - March 19, 6:25PM-6:30PM ET"
2026-03-19 22:27:25.000,BUY,Down,0.54,27.38,0,"Bitcoin Up or Down - March 19, 6:25PM-6:30PM ET"
2026-03-19 22:27:25.000,BUY,Down,0.51,0.07876,0,"XRP Up or Down - March 19, 6:25PM-6:30PM ET"
2026-03-19 22:27:23.000,BUY,Up,0.45,52.52,0,"Bitcoin Up or Down - March 19, 6:25PM-6:30PM ET"
2026-03-19 22:27:23.000,BUY,Up,0.45,15.9,0,"Bitcoin Up or Down - March 19, 6:25PM-6:30PM ET"
2026-03-19 22:27:23.000,BUY,Up,0.4500000702554911,4.981817,0,"Bitcoin Up or Down - March 19, 6:25PM-6:30PM ET"
2026-03-19 22:27:23.000,BUY,Up,0.45,1.59,0,"Bitcoin Up or Down - March 19, 6:25PM-6:30PM ET"
2026-03-19 22:27:19.000,BUY,Down,0.54,5,0,"Bitcoin Up or Down - March 19, 6:25PM-6:30PM ET"
2026-03-19 22:27:19.000,BUY,Down,0.54,4.43,0,"Bitcoin Up or Down - March 19, 6:25PM-6:30PM ET"
2026-03-19 22:27:19.000,BUY,Down,0.54,5,0,"Bitcoin Up or Down - March 19, 6:25PM-6:30PM ET"
2026-03-19 22:27:19.000,BUY,Down,0.54,5,0,"Bitcoin Up or Down - March 19, 6:25PM-6:30PM ET"
2026-03-19 22:27:19.000,BUY,Down,0.54,5,0,"Bitcoin Up or Down - March 19, 6:25PM-6:30PM ET"
2026-03-19 22:27:19.000,BUY,Down,0.54,5,0,"Bitcoin Up or Down - March 19, 6:25PM-6:30PM ET"
2026-03-19 22:27:19.000,BUY,Down,0.54,5,0,"Bitcoin Up or Down - March 19, 6:25PM-6:30PM ET"
2026-03-19 22:27:19.000,BUY,Down,0.54,5,0,"Bitcoin Up or Down - March 19, 6:25PM-6:30PM ET"
2026-03-19 22:27:19.000,BUY,Down,0.54,5,0,"Bitcoin Up or Down - March 19, 6:25PM-6:30PM ET"
2026-03-19 22:27:17.000,BUY,Up,0.28,4.82052,0,"Solana Up or Down - March 19, 6:25PM-6:30PM ET"
2026-03-19 22:27:15.000,BUY,Down,0.54,75,0,"Bitcoin Up or Down - March 19, 6:25PM-6:30PM ET"
2026-03-19 22:27:15.000,BUY,Up,0.5,2.95,0,"XRP Up or Down - March 19, 6:25PM-6:30PM ET"
2026-03-19 22:27:15.000,BUY,Up,0.5,4.05,0,"XRP Up or Down - March 19, 6:25PM-6:30PM ET"
2026-03-19 22:27:13.000,BUY,Up,0.27999995073313205,12.05483,0,"Solana Up or Down - March 19, 6:25PM-6:30PM ET"
2026-03-19 22:27:11.000,BUY,Down,0.53,5.90693,0,"Bitcoin Up or Down - March 19, 6:25PM-6:30PM ET"
2026-03-19 22:27:11.000,BUY,Down,0.48,6.38,0,"Ethereum Up or Down - March 19, 6:25PM-6:30PM ET"
2026-03-19 22:27:09.000,BUY,Down,0.52,89.260845,0,"Bitcoin Up or Down - March 19, 6:25PM-6:30PM ET"
2026-03-19 22:27:09.000,BUY,Down,0.5099999980363036,35.090526999999994,0,"Bitcoin Up or Down - March 19, 6:25PM-6:30PM ET"
2026-03-19 22:27:09.000,BUY,Down,0.34,0.6517000000000001,0,"Ethereum Up or Down - March 19, 6:25PM-6:30PM ET"
2026-03-19 22:27:07.000,BUY,Down,0.39,10.7,0,"Bitcoin Up or Down - March 19, 6:25PM-6:30PM ET"
2026-03-19 22:27:07.000,BUY,Down,0.3900000995919221,3.213112,0,"Bitcoin Up or Down - March 19, 6:25PM-6:30PM ET"
2026-03-19 22:27:07.000,BUY,Down,0.39000014030010804,1.639343,0,"Bitcoin Up or Down - March 19, 6:25PM-6:30PM ET"
2026-03-19 22:27:07.000,BUY,Down,0.39,6.82,0,"Bitcoin Up or Down - March 19, 6:25PM-6:30PM ET"
2026-03-19 22:27:07.000,BUY,Down,0.39,1.74,0,"Bitcoin Up or Down - March 19, 6:25PM-6:30PM ET"
2026-03-19 22:27:07.000,BUY,Down,0.39,12.97,0,"Bitcoin Up or Down - March 19, 6:25PM-6:30PM ET"
2026-03-19 22:27:05.000,BUY,Down,0.3900000927200601,2.049179,0,"Bitcoin Up or Down - March 19, 6:25PM-6:30PM ET"
2026-03-19 22:27:05.000,BUY,Down,0.39000019255084944,1.55803,0,"Bitcoin Up or Down - March 19, 6:25PM-6:30PM ET"
2026-03-19 22:26:59.000,BUY,Down,0.32,7,0,"XRP Up or Down - March 19, 6:25PM-6:30PM ET"
2026-03-19 22:26:59.000,BUY,Down,0.33,7,0,"XRP Up or Down - March 19, 6:25PM-6:30PM ET"
2026-03-19 22:26:57.000,BUY,Up,0.45,9.84686,0,"Solana Up or Down - March 19, 6:25PM-6:30PM ET"
2026-03-19 22:26:57.000,BUY,Up,0.66,7,0,"XRP Up or Down - March 19, 6:25PM-6:30PM ET"
2026-03-19 22:26:51.000,BUY,Up,0.39,7.4727500000000004,0,"Solana Up or Down - March 19, 6:25PM-6:30PM ET"
2026-03-19 22:26:49.000,BUY,Up,0.65,1.33,0,"XRP Up or Down - March 19, 6:25PM-6:30PM ET"
2026-03-19 22:26:49.000,BUY,Up,0.66,1.32,0,"XRP Up or Down - March 19, 6:25PM-6:30PM ET"
2026-03-19 22:26:47.000,BUY,Up,0.39000002336653716,5.991474,0,"Solana Up or Down - March 19, 6:25PM-6:30PM ET"
2026-03-19 22:26:47.000,BUY,Up,0.4,3.66,0,"Solana Up or Down - March 19, 6:25PM-6:30PM ET"
2026-03-19 22:26:47.000,BUY,Up,0.39,1,0,"Solana Up or Down - March 19, 6:25PM-6:30PM ET"
2026-03-19 22:26:45.000,BUY,Up,0.4,1.666665,0,"Solana Up or Down - March 19, 6:25PM-6:30PM ET"
2026-03-19 22:26:45.000,BUY,Up,0.4,1.666665,0,"Solana Up or Down - March 19, 6:25PM-6:30PM ET"
2026-03-19 22:26:41.000,BUY,Down,0.4,75,0,"Bitcoin Up or Down - March 19, 6:25PM-6:30PM ET"
2026-03-19 22:26:35.000,BUY,Up,0.64,7,0,"XRP Up or Down - March 19, 6:25PM-6:30PM ET"
2026-03-19 22:26:33.000,BUY,Up,0.37000006300001337,5.079364,0,"Solana Up or Down - March 19, 6:25PM-6:30PM ET"
2026-03-19 22:26:33.000,BUY,Up,0.39,7,0,"Solana Up or Down - March 19, 6:25PM-6:30PM ET"
2026-03-19 22:26:31.000,BUY,Up,0.63,7,0,"XRP Up or Down - March 19, 6:25PM-6:30PM ET"
2026-03-19 22:26:31.000,BUY,Down,0.3,4.94488,0,"XRP Up or Down - March 19, 6:25PM-6:30PM ET"
2026-03-19 22:26:29.000,BUY,Up,0.37,7,0,"Solana Up or Down - March 19, 6:25PM-6:30PM ET"
2026-03-19 22:26:21.000,BUY,Down,0.4,6.06144,0,"Solana Up or Down - March 19, 6:25PM-6:30PM ET"
2026-03-19 22:26:21.000,BUY,Down,0.38999993613239237,7.254853,0,"Solana Up or Down - March 19, 6:25PM-6:30PM ET"
2026-03-19 22:26:21.000,BUY,Down,0.38999993613239237,7.254853,0,"Solana Up or Down - March 19, 6:25PM-6:30PM ET"
2026-03-19 22:26:21.000,BUY,Down,0.38999993613239237,7.254853,0,"Solana Up or Down - March 19, 6:25PM-6:30PM ET"
2026-03-19 22:26:21.000,BUY,Down,0.3799999362732828,8.356103,0,"Solana Up or Down - March 19, 6:25PM-6:30PM ET"
2026-03-19 22:26:19.000,BUY,Down,0.27000000722328327,33.225888,0,"Ethereum Up or Down - March 19, 6:25PM-6:30PM ET"
2026-03-19 22:26:15.000,BUY,Up,0.64,1.64,0,"XRP Up or Down - March 19, 6:25PM-6:30PM ET"
2026-03-19 22:26:07.000,BUY,Down,0.33,23.70669,0,"XRP Up or Down - March 19, 6:25PM-6:30PM ET"
2026-03-19 22:26:01.000,BUY,Up,0.53,7,0,"Solana Up or Down - March 19, 6:25PM-6:30PM ET"
2026-03-19 22:25:53.000,BUY,Down,0.4500000235042926,2.127271,0,"Solana Up or Down - March 19, 6:25PM-6:30PM ET"
2026-03-19 22:25:53.000,BUY,Up,0.6099999990576032,73.227717,0,"Bitcoin Up or Down - March 19, 6:25PM-6:30PM ET"
2026-03-19 22:25:53.000,BUY,Down,0.46,5,0,"Solana Up or Down - March 19, 6:25PM-6:30PM ET"
2026-03-19 22:25:53.000,BUY,Down,0.46,2,0,"Solana Up or Down - March 19, 6:25PM-6:30PM ET"
2026-03-19 22:25:51.000,BUY,Down,0.47,23.6277,0,"Solana Up or Down - March 19, 6:25PM-6:30PM ET"
2026-03-19 22:25:51.000,BUY,Down,0.41,10.83909,0,"Ethereum Up or Down - March 19, 6:25PM-6:30PM ET"
2026-03-19 22:25:47.000,BUY,Up,0.55,23.63247,0,"Solana Up or Down - March 19, 6:25PM-6:30PM ET"
2026-03-19 22:25:45.000,BUY,Up,0.55,5.34,0,"Solana Up or Down - March 19, 6:25PM-6:30PM ET"
2026-03-19 22:25:45.000,BUY,Up,0.5600000782222431,5.113635,0,"Solana Up or Down - March 19, 6:25PM-6:30PM ET"
2026-03-19 22:25:45.000,BUY,Up,0.55,1.66,0,"Solana Up or Down - March 19, 6:25PM-6:30PM ET"
2026-03-19 22:25:45.000,BUY,Up,0.56,1.88,0,"Solana Up or Down - March 19, 6:25PM-6:30PM ET"
2026-03-19 22:25:45.000,BUY,Up,0.649999998808651,124.278571,0,"Bitcoin Up or Down - March 19, 6:25PM-6:30PM ET"
2026-03-19 22:25:39.000,BUY,Down,0.43,7,0,"Solana Up or Down - March 19, 6:25PM-6:30PM ET"
2026-03-19 22:25:37.000,BUY,Up,0.62,66.97,0,"Bitcoin Up or Down - March 19, 6:25PM-6:30PM ET"
2026-03-19 22:25:37.000,BUY,Up,0.6200001791870531,3.236841,0,"Bitcoin Up or Down - March 19, 6:25PM-6:30PM ET"
2026-03-19 22:25:37.000,BUY,Up,0.62,4.79,0,"Bitcoin Up or Down - March 19, 6:25PM-6:30PM ET"
2026-03-19 22:25:35.000,BUY,Down,0.36,3.12,0,"Bitcoin Up or Down - March 19, 6:25PM-6:30PM ET"
2026-03-19 22:25:31.000,BUY,Up,0.62,2,0,"Bitcoin Up or Down - March 19, 6:25PM-6:30PM ET"
2026-03-19 22:25:23.000,BUY,Down,0.43,7,0,"XRP Up or Down - March 19, 6:25PM-6:30PM ET"
2026-03-19 22:25:19.000,BUY,Up,0.54,7,0,"Solana Up or Down - March 19, 6:25PM-6:30PM ET"
2026-03-19 22:25:17.000,BUY,Up,0.5319915218215848,30.979025,0,"XRP Up or Down - March 19, 6:25PM-6:30PM ET"
2026-03-19 22:25:15.000,BUY,Up,0.5800000728000116,7.142856,0,"Bitcoin Up or Down - March 19, 6:25PM-6:30PM ET"
2026-03-19 22:25:15.000,BUY,Up,0.5800001764001023,2.380951,0,"Bitcoin Up or Down - March 19, 6:25PM-6:30PM ET"
2026-03-19 22:25:15.000,BUY,Up,0.5800000728000116,7.142856,0,"Bitcoin Up or Down - March 19, 6:25PM-6:30PM ET"
2026-03-19 22:25:15.000,BUY,Up,0.58,21.2,0,"Bitcoin Up or Down - March 19, 6:25PM-6:30PM ET"
2026-03-19 22:25:15.000,BUY,Up,0.5800000168000027,11.90476,0,"Bitcoin Up or Down - March 19, 6:25PM-6:30PM ET"
2026-03-19 22:25:13.000,,,0,343.698797,0,"Bitcoin Up or Down - March 19, 6:15PM-6:20PM ET"
2026-03-19 22:25:13.000,,,0,137.974052,0,"XRP Up or Down - March 19, 6:15PM-6:20PM ET"
2026-03-19 22:25:13.000,,,0,218.005906,0,"Solana Up or Down - March 19, 6:15PM-6:20PM ET"
2026-03-19 22:25:13.000,,,0,471.638594,0,"Ethereum Up or Down - March 19, 6:15PM-6:20PM ET"
2026-03-19 22:25:13.000,BUY,Up,0.580000071097189,7.595237,0,"Bitcoin Up or Down - March 19, 6:25PM-6:30PM ET"
2026-03-19 22:25:13.000,BUY,Up,0.5800001764001023,2.380951,0,"Bitcoin Up or Down - March 19, 6:25PM-6:30PM ET"
2026-03-19 22:25:13.000,BUY,Up,0.5800001013065591,4.738094,0,"Bitcoin Up or Down - March 19, 6:25PM-6:30PM ET"
2026-03-19 22:25:13.000,BUY,Up,0.58,5,0,"Bitcoin Up or Down - March 19, 6:25PM-6:30PM ET"
2026-03-19 22:25:13.000,BUY,Up,0.580000110697731,3.071427,0,"Bitcoin Up or Down - March 19, 6:25PM-6:30PM ET"
2026-03-19 22:25:11.000,BUY,Up,0.5800001764001023,2.380951,0,"Bitcoin Up or Down - March 19, 6:25PM-6:30PM ET"
2026-03-19 22:25:11.000,BUY,Up,0.58,2.18,0,"Bitcoin Up or Down - March 19, 6:25PM-6:30PM ET"
2026-03-19 22:25:11.000,BUY,Up,0.55,5.54,0,"Ethereum Up or Down - March 19, 6:25PM-6:30PM ET"
2026-03-19 22:25:11.000,BUY,Up,0.55,25,0,"Ethereum Up or Down - March 19, 6:25PM-6:30PM ET"
2026-03-19 22:25:11.000,BUY,Up,0.5500002025001114,2.222221,0,"Ethereum Up or Down - March 19, 6:25PM-6:30PM ET"
2026-03-19 22:25:11.000,BUY,Up,0.5500002025001114,2.222221,0,"Ethereum Up or Down - March 19, 6:25PM-6:30PM ET"
2026-03-19 22:25:11.000,BUY,Down,0.46,7,0,"Solana Up or Down - March 19, 6:25PM-6:30PM ET"
2026-03-19 22:25:09.000,BUY,Down,0.55,6.84,0,"XRP Up or Down - March 19, 6:25PM-6:30PM ET"
2026-03-19 22:25:09.000,BUY,Down,0.5500019285907145,0.155554,0,"XRP Up or Down - March 19, 6:25PM-6:30PM ET"
2026-03-19 22:25:09.000,BUY,Down,0.56,7,0,"XRP Up or Down - March 19, 6:25PM-6:30PM ET"
2026-03-19 22:25:09.000,BUY,Up,0.59,35,0,"Ethereum Up or Down - March 19, 6:25PM-6:30PM ET"
2026-03-19 22:25:09.000,BUY,Down,0.47,7,0,"Solana Up or Down - March 19, 6:25PM-6:30PM ET"
2026-03-19 22:25:09.000,BUY,Up,0.6,34.496,0,"Ethereum Up or Down - March 19, 6:25PM-6:30PM ET"
2026-03-19 22:25:09.000,BUY,Down,0.4,19,0,"Ethereum Up or Down - March 19, 6:25PM-6:30PM ET"
2026-03-19 22:25:09.000,BUY,Down,0.4,16,0,"Ethereum Up or Down - March 19, 6:25PM-6:30PM ET"
2026-03-19 22:24:49.000,BUY,Down,0.96,3.24,0,"Solana Up or Down - March 19, 6:20PM-6:25PM ET"
2026-03-19 22:24:49.000,BUY,Down,0.97,5.68,0,"Solana Up or Down - March 19, 6:20PM-6:25PM ET"
2026-03-19 22:24:43.000,BUY,Down,0.97,1.32,0,"Solana Up or Down - March 19, 6:20PM-6:25PM ET"
2026-03-19 22:24:37.000,BUY,Down,0.96,7,0,"Solana Up or Down - March 19, 6:20PM-6:25PM ET"
2026-03-19 22:24:33.000,BUY,Up,0.98,5.35659,0,"XRP Up or Down - March 19, 6:20PM-6:25PM ET"
2026-03-19 22:24:33.000,BUY,Up,0.98,6.9890799999999995,0,"XRP Up or Down - March 19, 6:20PM-6:25PM ET"
2026-03-19 22:24:33.000,BUY,Up,0.9699999980404003,10.204006,0,"XRP Up or Down - March 19, 6:20PM-6:25PM ET"
2026-03-19 22:24:33.000,BUY,Up,0.97,6.99852,0,"XRP Up or Down - March 19, 6:20PM-6:25PM ET"
2026-03-19 22:24:33.000,BUY,Up,0.97,6.99852,0,"XRP Up or Down - March 19, 6:20PM-6:25PM ET"
2026-03-19 22:24:33.000,BUY,Up,0.9699999985859994,7.070643,0,"XRP Up or Down - March 19, 6:20PM-6:25PM ET"
2026-03-19 22:24:33.000,BUY,Up,0.96,7.143195,0,"XRP Up or Down - March 19, 6:20PM-6:25PM ET"
2026-03-19 22:24:19.000,BUY,Down,0.15,4.66,0,"XRP Up or Down - March 19, 6:20PM-6:25PM ET"
2026-03-19 22:24:17.000,BUY,Up,0.01,174.99572,0,"Ethereum Up or Down - March 19, 6:20PM-6:25PM ET"
2026-03-19 22:24:17.000,BUY,Up,0.01,4.99988,0,"Ethereum Up or Down - March 19, 6:20PM-6:25PM ET"
2026-03-19 22:24:15.000,BUY,Up,0.82,7,0,"XRP Up or Down - March 19, 6:20PM-6:25PM ET"
2026-03-19 22:24:01.000,BUY,Up,0.029999989748201256,92.647055,0,"Bitcoin Up or Down - March 19, 6:20PM-6:25PM ET"
2026-03-19 22:24:01.000,BUY,Down,0.2,6,0,"XRP Up or Down - March 19, 6:20PM-6:25PM ET"
2026-03-19 22:23:59.000,BUY,Down,0.2,7,0,"XRP Up or Down - March 19, 6:20PM-6:25PM ET"
2026-03-19 22:23:49.000,BUY,Up,0.03,35,0,"Ethereum Up or Down - March 19, 6:20PM-6:25PM ET"
2026-03-19 22:23:47.000,BUY,Down,0.94,7,0,"Solana Up or Down - March 19, 6:20PM-6:25PM ET"
2026-03-19 22:23:47.000,BUY,Up,0.03,35,0,"Ethereum Up or Down - March 19, 6:20PM-6:25PM ET"
2026-03-19 22:23:45.000,BUY,Down,0.93,8.351149999999999,0,"Solana Up or Down - March 19, 6:20PM-6:25PM ET"
2026-03-19 22:23:43.000,BUY,Down,0.92,7,0,"Solana Up or Down - March 19, 6:20PM-6:25PM ET"
2026-03-19 22:23:43.000,BUY,Up,0.78,7,0,"XRP Up or Down - March 19, 6:20PM-6:25PM ET"
2026-03-19 22:23:43.000,BUY,Down,0.91,7,0,"Solana Up or Down - March 19, 6:20PM-6:25PM ET"
2026-03-19 22:23:29.000,BUY,Down,0.8900005775005775,1.454544,0,"Solana Up or Down - March 19, 6:20PM-6:25PM ET"
2026-03-19 22:23:27.000,BUY,Up,0.07,74.92054,0,"Bitcoin Up or Down - March 19, 6:20PM-6:25PM ET"
2026-03-19 22:23:27.000,BUY,Down,0.2100000364265218,4.392404,0,"XRP Up or Down - March 19, 6:20PM-6:25PM ET"
2026-03-19 22:23:27.000,BUY,Up,0.09,37.93628,0,"Solana Up or Down - March 19, 6:20PM-6:25PM ET"
2026-03-19 22:23:25.000,BUY,Down,0.24,7,0,"XRP Up or Down - March 19, 6:20PM-6:25PM ET"
2026-03-19 22:23:25.000,BUY,Up,0.07,26.99138,0,"Bitcoin Up or Down - March 19, 6:20PM-6:25PM ET"
2026-03-19 22:23:25.000,BUY,Up,0.07,124.86757,0,"Bitcoin Up or Down - March 19, 6:20PM-6:25PM ET"
2026-03-19 22:23:25.000,BUY,Up,0.08,75,0,"Bitcoin Up or Down - March 19, 6:20PM-6:25PM ET"
2026-03-19 22:23:23.000,BUY,Up,0.08,15.94,0,"Bitcoin Up or Down - March 19, 6:20PM-6:25PM ET"
2026-03-19 22:23:23.000,BUY,Up,0.74,1.46,0,"XRP Up or Down - March 19, 6:20PM-6:25PM ET"
2026-03-19 22:23:23.000,BUY,Up,0.7400001083333634,5.53846,0,"XRP Up or Down - March 19, 6:20PM-6:25PM ET"
2026-03-19 22:23:23.000,BUY,Up,0.08,2.77,0,"Bitcoin Up or Down - March 19, 6:20PM-6:25PM ET"
2026-03-19 22:23:23.000,BUY,Up,0.08,5.05,0,"Bitcoin Up or Down - March 19, 6:20PM-6:25PM ET"
2026-03-19 22:23:23.000,BUY,Up,0.08,13.23,0,"Bitcoin Up or Down - March 19, 6:20PM-6:25PM ET"
2026-03-19 22:23:21.000,BUY,Up,0.08,1.1,0,"Bitcoin Up or Down - March 19, 6:20PM-6:25PM ET"
2026-03-19 22:23:21.000,BUY,Up,0.08,36.91,0,"Bitcoin Up or Down - March 19, 6:20PM-6:25PM ET"
2026-03-19 22:23:19.000,BUY,Up,0.09,18.01,0,"Bitcoin Up or Down - March 19, 6:20PM-6:25PM ET"
2026-03-19 22:23:17.000,BUY,Up,0.09,3,0,"Bitcoin Up or Down - March 19, 6:20PM-6:25PM ET"
2026-03-19 22:23:17.000,BUY,Up,0.09,3,0,"Bitcoin Up or Down - March 19, 6:20PM-6:25PM ET"
2026-03-19 22:23:17.000,BUY,Up,0.09,5.09,0,"Bitcoin Up or Down - March 19, 6:20PM-6:25PM ET"
2026-03-19 22:23:17.000,BUY,Up,0.09,5,0,"Bitcoin Up or Down - March 19, 6:20PM-6:25PM ET"
2026-03-19 22:23:17.000,BUY,Up,0.09,5.4945,0,"Bitcoin Up or Down - March 19, 6:20PM-6:25PM ET"
2026-03-19 22:23:17.000,BUY,Up,0.09,11,0,"Bitcoin Up or Down - March 19, 6:20PM-6:25PM ET"
2026-03-19 22:23:17.000,BUY,Up,0.09,3,0,"Bitcoin Up or Down - March 19, 6:20PM-6:25PM ET"
2026-03-19 22:23:17.000,BUY,Up,0.09,5,0,"Bitcoin Up or Down - March 19, 6:20PM-6:25PM ET"
2026-03-19 22:23:17.000,BUY,Up,0.09000000060983006,16.398011,0,"Bitcoin Up or Down - March 19, 6:20PM-6:25PM ET"
2026-03-19 22:23:17.000,BUY,Down,0.21,5.48,0,"XRP Up or Down - March 19, 6:20PM-6:25PM ET"
2026-03-19 22:23:17.000,BUY,Down,0.21000009875015224,1.518985,0,"XRP Up or Down - March 19, 6:20PM-6:25PM ET"
2026-03-19 22:23:15.000,BUY,Down,0.83,4.97512,0,"Solana Up or Down - March 19, 6:20PM-6:25PM ET"
2026-03-19 22:23:09.000,BUY,Up,0.84,4,0,"XRP Up or Down - March 19, 6:20PM-6:25PM ET"
2026-03-19 22:23:07.000,BUY,Down,0.78,7,0,"Solana Up or Down - March 19, 6:20PM-6:25PM ET"
2026-03-19 22:23:07.000,BUY,Up,0.21,7,0,"Solana Up or Down - March 19, 6:20PM-6:25PM ET"
2026-03-19 22:23:03.000,BUY,Down,0.83,86.07942,0,"Bitcoin Up or Down - March 19, 6:20PM-6:25PM ET"
2026-03-19 22:23:01.000,BUY,Up,0.22,7,0,"Solana Up or Down - March 19, 6:20PM-6:25PM ET"
2026-03-19 22:22:53.000,BUY,Down,0.9,34.92913,0,"Ethereum Up or Down - March 19, 6:20PM-6:25PM ET"
2026-03-19 22:22:53.000,BUY,Down,0.9,53.491460000000004,0,"Ethereum Up or Down - March 19, 6:20PM-6:25PM ET"
2026-03-19 22:22:53.000,BUY,Down,0.9,29.573330000000002,0,"Ethereum Up or Down - March 19, 6:20PM-6:25PM ET"
2026-03-19 22:22:53.000,BUY,Down,0.9,5.3558,0,"Ethereum Up or Down - March 19, 6:20PM-6:25PM ET"
2026-03-19 22:22:45.000,BUY,Down,0.89,35,0,"Ethereum Up or Down - March 19, 6:20PM-6:25PM ET"
2026-03-19 22:22:45.000,BUY,Up,0.17,24.14,0,"Bitcoin Up or Down - March 19, 6:20PM-6:25PM ET"
2026-03-19 22:22:41.000,BUY,Down,0.8,25.75,0,"Bitcoin Up or Down - March 19, 6:20PM-6:25PM ET"
2026-03-19 22:22:41.000,BUY,Down,0.81,75,0,"Bitcoin Up or Down - March 19, 6:20PM-6:25PM ET"
2026-03-19 22:22:37.000,BUY,Up,0.25,7,0,"Solana Up or Down - March 19, 6:20PM-6:25PM ET"
2026-03-19 22:22:35.000,BUY,Down,0.8,49.25,0,"Bitcoin Up or Down - March 19, 6:20PM-6:25PM ET"
2026-03-19 22:22:33.000,BUY,Up,0.26,7,0,"Solana Up or Down - March 19, 6:20PM-6:25PM ET"
2026-03-19 22:22:29.000,BUY,Up,0.24,3.21,0,"Solana Up or Down - March 19, 6:20PM-6:25PM ET"
2026-03-19 22:22:27.000,BUY,Up,0.2400000527778291,3.78947,0,"Solana Up or Down - March 19, 6:20PM-6:25PM ET"
2026-03-19 22:22:25.000,BUY,Down,0.8300006190228494,1.082351,0,"Bitcoin Up or Down - March 19, 6:20PM-6:25PM ET"
2026-03-19 22:22:25.000,BUY,Down,0.8300006190228494,1.082351,0,"Bitcoin Up or Down - March 19, 6:20PM-6:25PM ET"
2026-03-19 22:22:25.000,BUY,Down,0.83,35.09,0,"Bitcoin Up or Down - March 19, 6:20PM-6:25PM ET"
2026-03-19 22:22:25.000,BUY,Down,0.8300000976351615,6.964704,0,"Bitcoin Up or Down - March 19, 6:20PM-6:25PM ET"
2026-03-19 22:22:23.000,BUY,Down,0.83,2.86,0,"Bitcoin Up or Down - March 19, 6:20PM-6:25PM ET"
2026-03-19 22:22:23.000,BUY,Down,0.8300002235138515,3.087057,0,"Bitcoin Up or Down - March 19, 6:20PM-6:25PM ET"
2026-03-19 22:22:23.000,BUY,Down,0.8300001139000376,5.882351,0,"Bitcoin Up or Down - March 19, 6:20PM-6:25PM ET"
2026-03-19 22:22:23.000,BUY,Down,0.8300001139000376,5.882351,0,"Bitcoin Up or Down - March 19, 6:20PM-6:25PM ET"
2026-03-19 22:22:23.000,BUY,Down,0.8300000580833377,14.117646,0,"Bitcoin Up or Down - March 19, 6:20PM-6:25PM ET"
2026-03-19 22:22:21.000,,,0,537.025339,0,"Bitcoin Up or Down - March 19, 6:20PM-6:25PM ET"
2026-03-19 22:22:17.000,BUY,Up,0.16,75,0,"Bitcoin Up or Down - March 19, 6:20PM-6:25PM ET"
2026-03-19 22:22:17.000,BUY,Down,0.19,6.17,0,"XRP Up or Down - March 19, 6:20PM-6:25PM ET"
2026-03-19 22:22:15.000,BUY,Down,0.82,7.74,0,"Bitcoin Up or Down - March 19, 6:20PM-6:25PM ET"
2026-03-19 22:22:13.000,BUY,Up,0.8,5,0,"XRP Up or Down - March 19, 6:20PM-6:25PM ET"
2026-03-19 22:22:11.000,BUY,Down,0.89,2.84,0,"Ethereum Up or Down - March 19, 6:20PM-6:25PM ET"
2026-03-19 22:22:11.000,BUY,Down,0.89,2.16,0,"Ethereum Up or Down - March 19, 6:20PM-6:25PM ET"
2026-03-19 22:22:11.000,BUY,Down,0.89,5,0,"Ethereum Up or Down - March 19, 6:20PM-6:25PM ET"
2026-03-19 22:22:11.000,BUY,Down,0.89,25,0,"Ethereum Up or Down - March 19, 6:20PM-6:25PM ET"
2026-03-19 22:22:11.000,BUY,Up,0.14,6,0,"Bitcoin Up or Down - March 19, 6:20PM-6:25PM ET"
2026-03-19 22:22:11.000,BUY,Up,0.14,6.55,0,"Bitcoin Up or Down - March 19, 6:20PM-6:25PM ET"
2026-03-19 22:22:11.000,BUY,Up,0.1400000143333351,8.372092,0,"Bitcoin Up or Down - March 19, 6:20PM-6:25PM ET"
2026-03-19 22:22:11.000,BUY,Up,0.14000000773034396,5.174414,0,"Bitcoin Up or Down - March 19, 6:20PM-6:25PM ET"
2026-03-19 22:22:11.000,BUY,Up,0.14000000204396945,19.569764,0,"Bitcoin Up or Down - March 19, 6:20PM-6:25PM ET"
2026-03-19 22:22:11.000,BUY,Up,0.14000003127286828,1.279064,0,"Bitcoin Up or Down - March 19, 6:20PM-6:25PM ET"
2026-03-19 22:22:11.000,BUY,Up,0.14,5,0,"Bitcoin Up or Down - March 19, 6:20PM-6:25PM ET"
2026-03-19 22:22:11.000,BUY,Up,0.14,3.04,0,"Bitcoin Up or Down - March 19, 6:20PM-6:25PM ET"
2026-03-19 22:22:11.000,BUY,Up,0.14,20,0,"Bitcoin Up or Down - March 19, 6:20PM-6:25PM ET"
2026-03-19 22:22:09.000,BUY,Up,0.29000004583934125,1.963379,0,"Solana Up or Down - March 19, 6:20PM-6:25PM ET"
2026-03-19 22:22:09.000,BUY,Up,0.18,34.58,0,"Bitcoin Up or Down - March 19, 6:20PM-6:25PM ET"
2026-03-19 22:22:09.000,BUY,Up,0.18,5,0,"Bitcoin Up or Down - March 19, 6:20PM-6:25PM ET"
2026-03-19 22:22:09.000,BUY,Up,0.1800000101485185,9.853655,0,"Bitcoin Up or Down - March 19, 6:20PM-6:25PM ET"
2026-03-19 22:22:09.000,BUY,Up,0.1800000017446814,11.463411,0,"Bitcoin Up or Down - March 19, 6:20PM-6:25PM ET"
2026-03-19 22:22:09.000,BUY,Up,0.18,6.09,0,"Bitcoin Up or Down - March 19, 6:20PM-6:25PM ET"
2026-03-19 22:22:09.000,BUY,Up,0.18,8,0,"Bitcoin Up or Down - March 19, 6:20PM-6:25PM ET"
2026-03-19 22:22:09.000,BUY,Down,0.81,74.17816,0,"Bitcoin Up or Down - March 19, 6:20PM-6:25PM ET"
2026-03-19 22:22:09.000,BUY,Up,0.28,0.285,0,"Solana Up or Down - March 19, 6:20PM-6:25PM ET"
2026-03-19 22:22:09.000,BUY,Up,0.28000003799475104,5.263885,0,"Solana Up or Down - March 19, 6:20PM-6:25PM ET"
2026-03-19 22:22:09.000,BUY,Up,0.28,1.44,0,"Solana Up or Down - March 19, 6:20PM-6:25PM ET"
2026-03-19 22:22:09.000,BUY,Up,0.29,5.03,0,"Solana Up or Down - March 19, 6:20PM-6:25PM ET"
2026-03-19 22:22:07.000,BUY,Down,0.85,9.51,0,"Ethereum Up or Down - March 19, 6:20PM-6:25PM ET"
2026-03-19 22:22:07.000,BUY,Down,0.88,1.18,0,"Ethereum Up or Down - March 19, 6:20PM-6:25PM ET"
2026-03-19 22:22:07.000,BUY,Up,0.8,2,0,"XRP Up or Down - March 19, 6:20PM-6:25PM ET"
2026-03-19 22:22:07.000,BUY,Up,0.8,5,0,"XRP Up or Down - March 19, 6:20PM-6:25PM ET"
2026-03-19 22:22:05.000,BUY,Up,0.79,7,0,"XRP Up or Down - March 19, 6:20PM-6:25PM ET"
2026-03-19 22:22:03.000,BUY,Up,0.21,43.79,0,"Bitcoin Up or Down - March 19, 6:20PM-6:25PM ET"
2026-03-19 22:22:03.000,BUY,Down,0.6899999982575753,5.673489,0,"Solana Up or Down - March 19, 6:20PM-6:25PM ET"
2026-03-19 22:22:03.000,BUY,Down,0.69,6.91994,0,"Solana Up or Down - March 19, 6:20PM-6:25PM ET"
2026-03-19 22:22:01.000,BUY,Up,0.21,5,0,"Bitcoin Up or Down - March 19, 6:20PM-6:25PM ET"
2026-03-19 22:22:01.000,BUY,Up,0.21,6.87,0,"Bitcoin Up or Down - March 19, 6:20PM-6:25PM ET"
2026-03-19 22:22:01.000,BUY,Up,0.21,19.34,0,"Bitcoin Up or Down - March 19, 6:20PM-6:25PM ET"
2026-03-19 22:21:59.000,BUY,Down,0.18,21.65144,0,"XRP Up or Down - March 19, 6:20PM-6:25PM ET"
2026-03-19 22:21:49.000,BUY,Up,0.44,0.21,0,"Solana Up or Down - March 19, 6:20PM-6:25PM ET"
2026-03-19 22:21:49.000,BUY,Down,0.12,6.90071,0,"XRP Up or Down - March 19, 6:20PM-6:25PM ET"
2026-03-19 22:21:47.000,BUY,Up,0.44,5,0,"Solana Up or Down - March 19, 6:20PM-6:25PM ET"
2026-03-19 22:21:45.000,BUY,Up,0.4400001568001129,1.785713,0,"Solana Up or Down - March 19, 6:20PM-6:25PM ET"
2026-03-19 22:21:45.000,BUY,Down,0.12,6.8009900000000005,0,"XRP Up or Down - March 19, 6:20PM-6:25PM ET"
2026-03-19 22:21:41.000,BUY,Up,0.44,1,0,"Solana Up or Down - March 19, 6:20PM-6:25PM ET"
2026-03-19 22:21:39.000,BUY,Up,0.44,6,0,"Solana Up or Down - March 19, 6:20PM-6:25PM ET"
2026-03-19 22:21:39.000,BUY,Up,0.3,20.02,0,"Ethereum Up or Down - March 19, 6:20PM-6:25PM ET"
2026-03-19 22:21:33.000,BUY,Down,0.77000190572572,0.304346,0,"Ethereum Up or Down - March 19, 6:20PM-6:25PM ET"
2026-03-19 22:21:33.000,BUY,Down,0.7,39.36121,0,"Bitcoin Up or Down - March 19, 6:20PM-6:25PM ET"
2026-03-19 22:21:31.000,BUY,Up,0.32,4.48,0,"Solana Up or Down - March 19, 6:20PM-6:25PM ET"
2026-03-19 22:21:31.000,BUY,Down,0.2,7,0,"XRP Up or Down - March 19, 6:20PM-6:25PM ET"
2026-03-19 22:21:31.000,BUY,Down,0.6900000189014226,35.976128,0,"Bitcoin Up or Down - March 19, 6:20PM-6:25PM ET"
2026-03-19 22:21:27.000,BUY,Up,0.32000009532157725,2.517793,0,"Solana Up or Down - March 19, 6:20PM-6:25PM ET"
2026-03-19 22:21:27.000,BUY,Down,0.8,14.6,0,"Ethereum Up or Down - March 19, 6:20PM-6:25PM ET"
2026-03-19 22:21:25.000,BUY,Down,0.6900000126868794,38.622579,0,"Bitcoin Up or Down - March 19, 6:20PM-6:25PM ET"
2026-03-19 22:21:25.000,BUY,Down,0.22,1.33,0,"XRP Up or Down - March 19, 6:20PM-6:25PM ET"
2026-03-19 22:21:23.000,BUY,Down,0.19,2.71384,0,"XRP Up or Down - March 19, 6:20PM-6:25PM ET"
2026-03-19 22:21:23.000,BUY,Down,0.22000012880779088,1.397431,0,"XRP Up or Down - March 19, 6:20PM-6:25PM ET"
2026-03-19 22:21:23.000,BUY,Down,0.22000003089117964,1.294868,0,"XRP Up or Down - March 19, 6:20PM-6:25PM ET"
2026-03-19 22:21:23.000,BUY,Down,0.2200001124328214,1.423072,0,"XRP Up or Down - March 19, 6:20PM-6:25PM ET"
2026-03-19 22:21:23.000,BUY,Down,0.22000001300002145,1.538459,0,"XRP Up or Down - March 19, 6:20PM-6:25PM ET"
2026-03-19 22:21:21.000,BUY,Down,0.68,5,0,"Bitcoin Up or Down - March 19, 6:20PM-6:25PM ET"
2026-03-19 22:21:21.000,BUY,Down,0.68,3.125,0,"Bitcoin Up or Down - March 19, 6:20PM-6:25PM ET"
2026-03-19 22:21:21.000,BUY,Down,0.64,7.107535,0,"Solana Up or Down - March 19, 6:20PM-6:25PM ET"
2026-03-19 22:21:21.000,BUY,Down,0.64,6.028305,0,"Solana Up or Down - March 19, 6:20PM-6:25PM ET"
2026-03-19 22:21:21.000,BUY,Down,0.68,3.125,0,"Bitcoin Up or Down - March 19, 6:20PM-6:25PM ET"
2026-03-19 22:21:21.000,BUY,Down,0.6800002475823819,2.100311,0,"Bitcoin Up or Down - March 19, 6:20PM-6:25PM ET"
2026-03-19 22:21:21.000,BUY,Down,0.64,9.49727,0,"Solana Up or Down - March 19, 6:20PM-6:25PM ET"
2026-03-19 22:21:21.000,BUY,Down,0.68,15.625,0,"Bitcoin Up or Down - March 19, 6:20PM-6:25PM ET"
2026-03-19 22:21:21.000,BUY,Down,0.64,8.155935,0,"Solana Up or Down - March 19, 6:20PM-6:25PM ET"
2026-03-19 22:21:21.000,BUY,Down,0.68,0.15625,0,"Bitcoin Up or Down - March 19, 6:20PM-6:25PM ET"
2026-03-19 22:21:19.000,BUY,Down,0.68,2.815,0,"Bitcoin Up or Down - March 19, 6:20PM-6:25PM ET"
2026-03-19 22:21:19.000,BUY,Down,0.63,11.639710000000001,0,"Solana Up or Down - March 19, 6:20PM-6:25PM ET"
2026-03-19 22:21:19.000,BUY,Down,0.6265957446808511,9.27136,0,"Solana Up or Down - March 19, 6:20PM-6:25PM ET"
2026-03-19 22:21:19.000,BUY,Down,0.5899999911338794,24.450568,0,"Solana Up or Down - March 19, 6:20PM-6:25PM ET"
2026-03-19 22:21:19.000,BUY,Down,0.67,50,0,"Bitcoin Up or Down - March 19, 6:20PM-6:25PM ET"
2026-03-19 22:21:17.000,BUY,Down,0.66,33.57198,0,"Bitcoin Up or Down - March 19, 6:20PM-6:25PM ET"
2026-03-19 22:21:07.000,BUY,Up,0.38000002702179714,6.661289,0,"Bitcoin Up or Down - March 19, 6:20PM-6:25PM ET"
2026-03-19 22:21:05.000,BUY,Up,0.38,42.47,0,"Bitcoin Up or Down - March 19, 6:20PM-6:25PM ET"
2026-03-19 22:21:05.000,BUY,Up,0.38,5.30645,0,"Bitcoin Up or Down - March 19, 6:20PM-6:25PM ET"
2026-03-19 22:21:05.000,BUY,Up,0.38,13.32,0,"Bitcoin Up or Down - March 19, 6:20PM-6:25PM ET"
2026-03-19 22:21:05.000,BUY,Up,0.3800000138392885,7.225805,0,"Bitcoin Up or Down - March 19, 6:20PM-6:25PM ET"
2026-03-19 22:21:05.000,BUY,Down,0.5,5,0,"Ethereum Up or Down - March 19, 6:20PM-6:25PM ET"
2026-03-19 22:21:05.000,BUY,Down,0.5,5,0,"Ethereum Up or Down - March 19, 6:20PM-6:25PM ET"
2026-03-19 22:21:05.000,BUY,Down,0.5,5,0,"Ethereum Up or Down - March 19, 6:20PM-6:25PM ET"
2026-03-19 22:21:05.000,BUY,Down,0.5,5,0,"Ethereum Up or Down - March 19, 6:20PM-6:25PM ET"
2026-03-19 22:21:05.000,BUY,Down,0.5,5,0,"Ethereum Up or Down - March 19, 6:20PM-6:25PM ET"
2026-03-19 22:21:05.000,BUY,Down,0.5,5,0,"Ethereum Up or Down - March 19, 6:20PM-6:25PM ET"
2026-03-19 22:21:05.000,BUY,Down,0.5,2,0,"Ethereum Up or Down - March 19, 6:20PM-6:25PM ET"
2026-03-19 22:21:05.000,BUY,Up,0.42,75,0,"Bitcoin Up or Down - March 19, 6:20PM-6:25PM ET"
2026-03-19 22:21:03.000,BUY,Up,0.45999995951999545,10.701904,0,"Solana Up or Down - March 19, 6:20PM-6:25PM ET"
2026-03-19 22:21:03.000,BUY,Down,0.51,5,0,"Ethereum Up or Down - March 19, 6:20PM-6:25PM ET"
2026-03-19 22:21:03.000,BUY,Down,0.51,5,0,"Ethereum Up or Down - March 19, 6:20PM-6:25PM ET"
2026-03-19 22:21:03.000,BUY,Down,0.51,5,0,"Ethereum Up or Down - March 19, 6:20PM-6:25PM ET"
2026-03-19 22:21:03.000,BUY,Down,0.51,5,0,"Ethereum Up or Down - March 19, 6:20PM-6:25PM ET"
2026-03-19 22:21:03.000,BUY,Down,0.51,5,0,"Ethereum Up or Down - March 19, 6:20PM-6:25PM ET"
2026-03-19 22:21:03.000,BUY,Down,0.51,0.18,0,"Ethereum Up or Down - March 19, 6:20PM-6:25PM ET"
2026-03-19 22:21:03.000,BUY,Down,0.51,5,0,"Ethereum Up or Down - March 19, 6:20PM-6:25PM ET"
2026-03-19 22:20:55.000,BUY,Up,0.8799999886634425,7.037146000000001,0,"XRP Up or Down - March 19, 6:20PM-6:25PM ET"
2026-03-19 22:20:55.000,BUY,Up,0.4200000043354114,69.197585,0,"Bitcoin Up or Down - March 19, 6:20PM-6:25PM ET"
2026-03-19 22:20:55.000,BUY,Up,0.42,1.8,0,"Bitcoin Up or Down - March 19, 6:20PM-6:25PM ET"
2026-03-19 22:20:55.000,BUY,Up,0.42,4,0,"Bitcoin Up or Down - March 19, 6:20PM-6:25PM ET"
2026-03-19 22:20:55.000,BUY,Up,0.87,0.99681,0,"XRP Up or Down - March 19, 6:20PM-6:25PM ET"
2026-03-19 22:20:55.000,BUY,Up,0.88,7.23977,0,"XRP Up or Down - March 19, 6:20PM-6:25PM ET"
2026-03-19 22:20:55.000,BUY,Up,0.87,6.97762,0,"XRP Up or Down - March 19, 6:20PM-6:25PM ET"
2026-03-19 22:20:53.000,BUY,Down,0.55,75,0,"Bitcoin Up or Down - March 19, 6:20PM-6:25PM ET"
2026-03-19 22:20:51.000,,,0,899.873083,0,"Bitcoin Up or Down - March 19, 6:15PM-6:20PM ET"
2026-03-19 22:20:49.000,BUY,Up,0.5299999921481479,35.107196,0,"Ethereum Up or Down - March 19, 6:20PM-6:25PM ET"
2026-03-19 22:20:49.000,BUY,Down,0.4600000157281587,7.629628,0,"Ethereum Up or Down - March 19, 6:20PM-6:25PM ET"
2026-03-19 22:20:49.000,BUY,Down,0.4600000638873344,6.574073,0,"Ethereum Up or Down - March 19, 6:20PM-6:25PM ET"
2026-03-19 22:20:49.000,BUY,Up,0.44933431285997505,73.96148,0,"Bitcoin Up or Down - March 19, 6:20PM-6:25PM ET"
2026-03-19 22:20:49.000,BUY,Up,0.45,13.09633,0,"Bitcoin Up or Down - March 19, 6:20PM-6:25PM ET"
2026-03-19 22:20:47.000,BUY,Up,0.8,7.9488,0,"XRP Up or Down - March 19, 6:20PM-6:25PM ET"
2026-03-19 22:20:47.000,BUY,Up,0.5299999921481479,35.107196,0,"Ethereum Up or Down - March 19, 6:20PM-6:25PM ET"
2026-03-19 22:20:47.000,BUY,Up,0.54,34.46011,0,"Ethereum Up or Down - March 19, 6:20PM-6:25PM ET"
2026-03-19 22:20:47.000,BUY,Up,0.46,7.8766,0,"Solana Up or Down - March 19, 6:20PM-6:25PM ET"
2026-03-19 22:20:47.000,BUY,Down,0.4600000265573801,11.296295,0,"Ethereum Up or Down - March 19, 6:20PM-6:25PM ET"
2026-03-19 22:20:47.000,BUY,Down,0.4600000817530082,4.648147,0,"Ethereum Up or Down - March 19, 6:20PM-6:25PM ET"
2026-03-19 22:20:47.000,BUY,Up,0.45,5,0,"Solana Up or Down - March 19, 6:20PM-6:25PM ET"
2026-03-19 22:20:47.000,BUY,Up,0.45,1,0,"Solana Up or Down - March 19, 6:20PM-6:25PM ET"
2026-03-19 22:20:47.000,BUY,Up,0.46,4,0,"Solana Up or Down - March 19, 6:20PM-6:25PM ET"
2026-03-19 22:20:47.000,BUY,Up,0.45,1,0,"Solana Up or Down - March 19, 6:20PM-6:25PM ET"
2026-03-19 22:20:47.000,BUY,Up,0.46,3,0,"Solana Up or Down - March 19, 6:20PM-6:25PM ET"
2026-03-19 22:20:43.000,BUY,Down,0.59,5,0,"Solana Up or Down - March 19, 6:20PM-6:25PM ET"
2026-03-19 22:20:43.000,BUY,Down,0.59,2,0,"Solana Up or Down - March 19, 6:20PM-6:25PM ET"
2026-03-19 22:20:39.000,BUY,Down,0.65,15.62518,0,"Bitcoin Up or Down - March 19, 6:20PM-6:25PM ET"
2026-03-19 22:20:39.000,BUY,Down,0.65,23.68947,0,"Solana Up or Down - March 19, 6:20PM-6:25PM ET"
2026-03-19 22:20:35.000,BUY,Down,0.6300000209342121,20.540539,0,"Bitcoin Up or Down - March 19, 6:20PM-6:25PM ET"
2026-03-19 22:20:35.000,BUY,Down,0.63,46.53,0,"Bitcoin Up or Down - March 19, 6:20PM-6:25PM ET"
2026-03-19 22:20:35.000,BUY,Down,0.63,7.92,0,"Bitcoin Up or Down - March 19, 6:20PM-6:25PM ET"
2026-03-19 22:20:33.000,BUY,Up,0.4500000699153046,2.145453,0,"Ethereum Up or Down - March 19, 6:20PM-6:25PM ET"
2026-03-19 22:20:33.000,BUY,Up,0.45,2.24,0,"Ethereum Up or Down - March 19, 6:20PM-6:25PM ET"
2026-03-19 22:20:33.000,BUY,Down,0.34,3.2,0,"XRP Up or Down - March 19, 6:20PM-6:25PM ET"
2026-03-19 22:20:33.000,BUY,Down,0.34,3.8,0,"XRP Up or Down - March 19, 6:20PM-6:25PM ET"
2026-03-19 22:20:33.000,BUY,Down,0.57,25.60952,0,"Ethereum Up or Down - March 19, 6:20PM-6:25PM ET"
2026-03-19 22:20:31.000,BUY,Down,0.55,22.834870000000002,0,"Ethereum Up or Down - March 19, 6:20PM-6:25PM ET"
2026-03-19 22:20:29.000,BUY,Down,0.44,75,0,"Bitcoin Up or Down - March 19, 6:20PM-6:25PM ET"
2026-03-19 22:20:27.000,BUY,Down,0.44,7,0,"Solana Up or Down - March 19, 6:20PM-6:25PM ET"
2026-03-19 22:20:25.000,BUY,Up,0.68,3.4375,0,"XRP Up or Down - March 19, 6:20PM-6:25PM ET"
2026-03-19 22:20:25.000,BUY,Up,0.68,0.3475,0,"XRP Up or Down - March 19, 6:20PM-6:25PM ET"
2026-03-19 22:20:25.000,BUY,Up,0.69,28.342070000000003,0,"XRP Up or Down - March 19, 6:20PM-6:25PM ET"
2026-03-19 22:20:25.000,BUY,Up,0.68,3.21,0,"XRP Up or Down - March 19, 6:20PM-6:25PM ET"
2026-03-19 22:20:23.000,BUY,Down,0.3,5,0,"XRP Up or Down - March 19, 6:20PM-6:25PM ET"
2026-03-19 22:20:23.000,BUY,Down,0.3,2,0,"XRP Up or Down - March 19, 6:20PM-6:25PM ET"
2026-03-19 22:20:19.000,BUY,Up,0.55,24.05,0,"Ethereum Up or Down - March 19, 6:20PM-6:25PM ET"
2026-03-19 22:20:19.000,BUY,Up,0.55,10.95,0,"Ethereum Up or Down - March 19, 6:20PM-6:25PM ET"
2026-03-19 22:20:19.000,BUY,Up,0.53,8.69,0,"Bitcoin Up or Down - March 19, 6:20PM-6:25PM ET"
2026-03-19 22:20:19.000,BUY,Up,0.5300000070500003,42.55319,0,"Bitcoin Up or Down - March 19, 6:20PM-6:25PM ET"
2026-03-19 22:20:19.000,BUY,Up,0.5300001222000904,2.127658,0,"Bitcoin Up or Down - March 19, 6:20PM-6:25PM ET"
2026-03-19 22:20:19.000,BUY,Up,0.53,18.62,0,"Bitcoin Up or Down - March 19, 6:20PM-6:25PM ET"
2026-03-19 22:20:19.000,BUY,Up,0.53,3,0,"Bitcoin Up or Down - March 19, 6:20PM-6:25PM ET"
2026-03-19 22:20:15.000,BUY,Down,0.44000000112000004,35.714284,0,"Bitcoin Up or Down - March 19, 6:20PM-6:25PM ET"
2026-03-19 22:20:15.000,BUY,Up,0.56,6.89376,0,"Solana Up or Down - March 19, 6:20PM-6:25PM ET"
2026-03-19 22:20:15.000,BUY,Up,0.55,18.80751,0,"Solana Up or Down - March 19, 6:20PM-6:25PM ET"
2026-03-19 22:20:15.000,BUY,Down,0.46,4,0,"Solana Up or Down - March 19, 6:20PM-6:25PM ET"
2026-03-19 22:20:15.000,BUY,Up,0.56,6.89376,0,"Solana Up or Down - March 19, 6:20PM-6:25PM ET"
2026-03-19 22:20:13.000,BUY,Up,0.53,7,0,"Solana Up or Down - March 19, 6:20PM-6:25PM ET"
2026-03-19 22:20:13.000,BUY,Up,0.54,7,0,"Solana Up or Down - March 19, 6:20PM-6:25PM ET"
2026-03-19 22:20:13.000,BUY,Up,0.53,7,0,"Solana Up or Down - March 19, 6:20PM-6:25PM ET"
2026-03-19 22:20:13.000,BUY,Up,0.53,7,0,"Solana Up or Down - March 19, 6:20PM-6:25PM ET"
2026-03-19 22:20:13.000,BUY,Up,0.52,7,0,"Solana Up or Down - March 19, 6:20PM-6:25PM ET"
2026-03-19 22:20:13.000,BUY,Down,0.46,7,0,"Solana Up or Down - March 19, 6:20PM-6:25PM ET"
2026-03-19 22:20:11.000,BUY,Up,0.55,5.55,0,"Bitcoin Up or Down - March 19, 6:20PM-6:25PM ET"
2026-03-19 22:20:11.000,BUY,Up,0.55,6.66,0,"Bitcoin Up or Down - March 19, 6:20PM-6:25PM ET"
2026-03-19 22:20:11.000,,,0,363.808693,0,"Ethereum Up or Down - March 19, 6:10PM-6:15PM ET"
2026-03-19 22:20:11.000,,,0,165.87287,0,"XRP Up or Down - March 19, 6:10PM-6:15PM ET"
2026-03-19 22:20:11.000,,,0,117.386377,0,"Solana Up or Down - March 19, 6:10PM-6:15PM ET"
2026-03-19 22:20:11.000,BUY,Up,0.55,2.92,0,"Bitcoin Up or Down - March 19, 6:20PM-6:25PM ET"
2026-03-19 22:20:11.000,BUY,Up,0.62,3.37,0,"Ethereum Up or Down - March 19, 6:20PM-6:25PM ET"
2026-03-19 22:20:11.000,BUY,Up,0.5500000366847996,4.088887,0,"Bitcoin Up or Down - March 19, 6:20PM-6:25PM ET"
2026-03-19 22:20:11.000,BUY,Up,0.6200000988000731,2.631577,0,"Ethereum Up or Down - March 19, 6:20PM-6:25PM ET"
2026-03-19 22:20:11.000,BUY,Up,0.5500000234375036,10.666665,0,"Bitcoin Up or Down - March 19, 6:20PM-6:25PM ET"
2026-03-19 22:20:11.000,BUY,Up,0.62,7.22,0,"Ethereum Up or Down - March 19, 6:20PM-6:25PM ET"
2026-03-19 22:20:11.000,BUY,Up,0.55,20,0,"Bitcoin Up or Down - March 19, 6:20PM-6:25PM ET"
2026-03-19 22:20:11.000,BUY,Down,0.4400000554882846,6.487856,0,"Bitcoin Up or Down - March 19, 6:20PM-6:25PM ET"
2026-03-19 22:20:11.000,BUY,Up,0.55,4,0,"Bitcoin Up or Down - March 19, 6:20PM-6:25PM ET"
2026-03-19 22:20:11.000,BUY,Up,0.62,6,0,"Ethereum Up or Down - March 19, 6:20PM-6:25PM ET"
2026-03-19 22:20:11.000,BUY,Up,0.55,5,0,"Bitcoin Up or Down - March 19, 6:20PM-6:25PM ET"
2026-03-19 22:20:11.000,BUY,Up,0.55,5,0,"Bitcoin Up or Down - March 19, 6:20PM-6:25PM ET"
2026-03-19 22:20:11.000,BUY,Up,0.62,10,0,"Ethereum Up or Down - March 19, 6:20PM-6:25PM ET"
2026-03-19 22:20:09.000,BUY,Down,0.51,1.38,0,"XRP Up or Down - March 19, 6:20PM-6:25PM ET"
2026-03-19 22:20:09.000,BUY,Up,0.61,20,0,"Ethereum Up or Down - March 19, 6:20PM-6:25PM ET"
2026-03-19 22:20:09.000,BUY,Down,0.4,18.1,0,"Ethereum Up or Down - March 19, 6:20PM-6:25PM ET"
2026-03-19 22:20:09.000,BUY,Down,0.52,5.68,0,"Solana Up or Down - March 19, 6:20PM-6:25PM ET"
2026-03-19 22:20:09.000,BUY,Down,0.44,30.34,0,"Bitcoin Up or Down - March 19, 6:20PM-6:25PM ET"
2026-03-19 22:20:09.000,BUY,Up,0.61,15,0,"Ethereum Up or Down - March 19, 6:20PM-6:25PM ET"
2026-03-19 22:20:09.000,BUY,Down,0.4,16.9,0,"Ethereum Up or Down - March 19, 6:20PM-6:25PM ET"
2026-03-19 22:20:09.000,BUY,Down,0.44,41,0,"Bitcoin Up or Down - March 19, 6:20PM-6:25PM ET"
2026-03-19 22:20:09.000,BUY,Down,0.4,11.666665,0,"Ethereum Up or Down - March 19, 6:20PM-6:25PM ET"
2026-03-19 22:20:09.000,BUY,Up,0.62,2.45,0,"Ethereum Up or Down - March 19, 6:20PM-6:25PM ET"
2026-03-19 22:20:09.000,BUY,Up,0.52,7,0,"Solana Up or Down - March 19, 6:20PM-6:25PM ET"
2026-03-19 22:20:09.000,BUY,Down,0.4400000328638639,3.651427,0,"Bitcoin Up or Down - March 19, 6:20PM-6:25PM ET"
2026-03-19 22:20:09.000,BUY,Down,0.5100000124727315,5.612243,0,"XRP Up or Down - March 19, 6:20PM-6:25PM ET"
2026-03-19 22:20:09.000,BUY,Down,0.49,7,0,"XRP Up or Down - March 19, 6:20PM-6:25PM ET"
2026-03-19 22:20:09.000,BUY,Down,0.48,4.65,0,"Solana Up or Down - March 19, 6:20PM-6:25PM ET"
2026-03-19 22:20:09.000,BUY,Down,0.4800000340537257,2.349229,0,"Solana Up or Down - March 19, 6:20PM-6:25PM ET"
2026-03-19 22:20:09.000,BUY,Down,0.5,7,0,"Solana Up or Down - March 19, 6:20PM-6:25PM ET"
2026-03-19 22:20:09.000,BUY,Up,0.47,7,0,"XRP Up or Down - March 19, 6:20PM-6:25PM ET"
2026-03-19 22:20:09.000,BUY,Down,0.52,1.3175,0,"Solana Up or Down - March 19, 6:20PM-6:25PM ET"
2026-03-19 22:20:09.000,BUY,Up,0.55,11.11,0,"Bitcoin Up or Down - March 19, 6:20PM-6:25PM ET"
2026-03-19 22:20:07.000,BUY,Down,0.52,7,0,"XRP Up or Down - March 19, 6:20PM-6:25PM ET"
2026-03-19 22:20:07.000,BUY,Down,0.53,7,0,"Solana Up or Down - March 19, 6:20PM-6:25PM ET"
2026-03-19 22:20:05.000,BUY,Down,0.44,17.77,0,"Bitcoin Up or Down - March 19, 6:15PM-6:20PM ET"
2026-03-19 22:20:05.000,BUY,Up,0.7,7,0,"Solana Up or Down - March 19, 6:15PM-6:20PM ET"
2026-03-19 22:20:05.000,BUY,Up,0.72,7,0,"Solana Up or Down - March 19, 6:15PM-6:20PM ET"
2026-03-19 22:19:59.000,BUY,Down,0.8399999978585083,37.188447000000004,0,"Bitcoin Up or Down - March 19, 6:15PM-6:20PM ET"
2026-03-19 22:19:59.000,BUY,Down,0.8488820930852913,43.82976,0,"Bitcoin Up or Down - March 19, 6:15PM-6:20PM ET"
2026-03-19 22:19:57.000,BUY,Down,0.27,7,0,"Solana Up or Down - March 19, 6:15PM-6:20PM ET"
2026-03-19 22:19:57.000,BUY,Down,0.44,10,0,"Bitcoin Up or Down - March 19, 6:15PM-6:20PM ET"
2026-03-19 22:19:57.000,BUY,Up,0.92,7,0,"Solana Up or Down - March 19, 6:15PM-6:20PM ET"
2026-03-19 22:19:57.000,BUY,Down,0.5009662220838141,78.106885,0,"Bitcoin Up or Down - March 19, 6:15PM-6:20PM ET"
2026-03-19 22:19:57.000,BUY,Down,0.4937888198757764,79.24258,0,"Bitcoin Up or Down - March 19, 6:15PM-6:20PM ET"
2026-03-19 22:19:57.000,BUY,Down,0.5,208.6875,0,"Bitcoin Up or Down - March 19, 6:15PM-6:20PM ET"
2026-03-19 22:19:57.000,BUY,Down,0.04746743849493488,27.625880000000002,0,"Solana Up or Down - March 19, 6:15PM-6:20PM ET"
2026-03-19 22:19:55.000,BUY,Down,0.43,61.54,0,"Bitcoin Up or Down - March 19, 6:15PM-6:20PM ET"
2026-03-19 22:19:55.000,BUY,Down,0.43,3.46,0,"Bitcoin Up or Down - March 19, 6:15PM-6:20PM ET"
2026-03-19 22:19:55.000,BUY,Down,0.43,10,0,"Bitcoin Up or Down - March 19, 6:15PM-6:20PM ET"
2026-03-19 22:19:55.000,BUY,Down,0.44,41.97,0,"Bitcoin Up or Down - March 19, 6:15PM-6:20PM ET"
2026-03-19 22:19:55.000,BUY,Down,0.44,5.26,0,"Bitcoin Up or Down - March 19, 6:15PM-6:20PM ET"
2026-03-19 22:19:55.000,BUY,Down,0.44,98.48218,0,"Bitcoin Up or Down - March 19, 6:15PM-6:20PM ET"
2026-03-19 22:19:55.000,BUY,Down,0.45,4.92343,0,"Bitcoin Up or Down - March 19, 6:15PM-6:20PM ET"
2026-03-19 22:19:53.000,BUY,Up,0.86,4.98188,0,"Solana Up or Down - March 19, 6:15PM-6:20PM ET"
2026-03-19 22:19:53.000,BUY,Up,0.92,2.625,0,"Solana Up or Down - March 19, 6:15PM-6:20PM ET"
2026-03-19 22:19:51.000,BUY,Up,0.8,7,0,"Solana Up or Down - March 19, 6:15PM-6:20PM ET"
2026-03-19 22:19:51.000,BUY,Down,0.26,7,0,"Solana Up or Down - March 19, 6:15PM-6:20PM ET"
2026-03-19 22:19:49.000,BUY,Down,0.27,7,0,"Solana Up or Down - March 19, 6:15PM-6:20PM ET"
2026-03-19 22:19:49.000,BUY,Up,0.6900000635500187,6.451611,0,"Solana Up or Down - March 19, 6:15PM-6:20PM ET"
2026-03-19 22:19:47.000,BUY,Up,0.97,34.9926,0,"Ethereum Up or Down - March 19, 6:15PM-6:20PM ET"
2026-03-19 22:19:47.000,BUY,Down,0.61,7,0,"Solana Up or Down - March 19, 6:15PM-6:20PM ET"
2026-03-19 22:19:47.000,BUY,Down,0.61,7,0,"Solana Up or Down - March 19, 6:15PM-6:20PM ET"
2026-03-19 22:19:47.000,BUY,Down,0.62,7,0,"Solana Up or Down - March 19, 6:15PM-6:20PM ET"
2026-03-19 22:19:47.000,BUY,Down,0.04,7.75714,0,"XRP Up or Down - March 19, 6:15PM-6:20PM ET"
2026-03-19 22:19:47.000,BUY,Up,0.39,6.90096,0,"Solana Up or Down - March 19, 6:15PM-6:20PM ET"
2026-03-19 22:19:47.000,BUY,Up,0.36,7,0,"Solana Up or Down - March 19, 6:15PM-6:20PM ET"
2026-03-19 22:19:47.000,BUY,Up,0.34,6.91188,0,"Solana Up or Down - March 19, 6:15PM-6:20PM ET"
2026-03-19 22:19:45.000,BUY,Down,0.67,7,0,"Solana Up or Down - March 19, 6:15PM-6:20PM ET"
2026-03-19 22:19:43.000,BUY,Up,0.85,34.85776,0,"Ethereum Up or Down - March 19, 6:15PM-6:20PM ET"
2026-03-19 22:19:43.000,BUY,Down,0.23999996635051324,20.040252,0,"XRP Up or Down - March 19, 6:15PM-6:20PM ET"
2026-03-19 22:19:41.000,BUY,Up,0.75,5.6,0,"XRP Up or Down - March 19, 6:15PM-6:20PM ET"
2026-03-19 22:19:41.000,BUY,Up,0.75,1.4,0,"XRP Up or Down - March 19, 6:15PM-6:20PM ET"
2026-03-19 22:19:41.000,BUY,Up,0.7699999862644255,12.279581,0,"XRP Up or Down - March 19, 6:15PM-6:20PM ET"
2026-03-19 22:19:41.000,BUY,Up,0.8300002378870869,3.36294,0,"Ethereum Up or Down - March 19, 6:15PM-6:20PM ET"
2026-03-19 22:19:41.000,BUY,Up,0.75,2,0,"XRP Up or Down - March 19, 6:15PM-6:20PM ET"
2026-03-19 22:19:41.000,BUY,Up,0.8193091533592918,34.837590999999996,0,"Ethereum Up or Down - March 19, 6:15PM-6:20PM ET"
2026-03-19 22:19:41.000,BUY,Up,0.82,19.08549,0,"Ethereum Up or Down - March 19, 6:15PM-6:20PM ET"
2026-03-19 22:19:41.000,BUY,Up,0.75,5,0,"XRP Up or Down - March 19, 6:15PM-6:20PM ET"
2026-03-19 22:19:39.000,BUY,Up,0.73,7,0,"XRP Up or Down - March 19, 6:15PM-6:20PM ET"
2026-03-19 22:19:39.000,BUY,Up,0.66,5,0,"Ethereum Up or Down - March 19, 6:15PM-6:20PM ET"
2026-03-19 22:19:39.000,BUY,Down,0.35,14.8,0,"Ethereum Up or Down - March 19, 6:15PM-6:20PM ET"
2026-03-19 22:19:39.000,BUY,Up,0.73,2.23,0,"XRP Up or Down - March 19, 6:15PM-6:20PM ET"
2026-03-19 22:19:37.000,BUY,Up,0.52,6.15266,0,"Ethereum Up or Down - March 19, 6:15PM-6:20PM ET"
2026-03-19 22:19:35.000,BUY,Down,0.34,12.83635,0,"XRP Up or Down - March 19, 6:15PM-6:20PM ET"
2026-03-19 22:19:33.000,BUY,Up,0.450000075342507,2.654544,0,"Ethereum Up or Down - March 19, 6:15PM-6:20PM ET"
2026-03-19 22:19:31.000,BUY,Down,0.93,25.9,0,"Bitcoin Up or Down - March 19, 6:15PM-6:20PM ET"
2026-03-19 22:19:31.000,BUY,Up,0.42,6.07,0,"Ethereum Up or Down - March 19, 6:15PM-6:20PM ET"
2026-03-19 22:19:31.000,BUY,Up,0.43,35,0,"Ethereum Up or Down - March 19, 6:15PM-6:20PM ET"
2026-03-19 22:19:31.000,BUY,Down,0.86,7,0,"Solana Up or Down - March 19, 6:15PM-6:20PM ET"
2026-03-19 22:19:31.000,BUY,Up,0.04,74.97236,0,"Bitcoin Up or Down - March 19, 6:15PM-6:20PM ET"
2026-03-19 22:19:29.000,BUY,Down,0.45,7,0,"XRP Up or Down - March 19, 6:15PM-6:20PM ET"
2026-03-19 22:19:29.000,BUY,Down,0.93,11.6,0,"Bitcoin Up or Down - March 19, 6:15PM-6:20PM ET"
2026-03-19 22:19:29.000,BUY,Down,0.9300000311500017,28.571427,0,"Bitcoin Up or Down - March 19, 6:15PM-6:20PM ET"
2026-03-19 22:19:29.000,BUY,Down,0.86,6.97464,0,"Solana Up or Down - March 19, 6:15PM-6:20PM ET"
2026-03-19 22:19:29.000,BUY,Down,0.8599999975706212,8.202727,0,"Solana Up or Down - March 19, 6:15PM-6:20PM ET"
2026-03-19 22:19:29.000,BUY,Down,0.86,6.97464,0,"Solana Up or Down - March 19, 6:15PM-6:20PM ET"
2026-03-19 22:19:29.000,BUY,Down,0.93,5,0,"Bitcoin Up or Down - March 19, 6:15PM-6:20PM ET"
2026-03-19 22:19:27.000,BUY,Down,0.45,7,0,"XRP Up or Down - March 19, 6:15PM-6:20PM ET"
2026-03-19 22:19:27.000,BUY,Down,0.5900000162842021,27.634145,0,"Ethereum Up or Down - March 19, 6:15PM-6:20PM ET"
2026-03-19 22:19:27.000,BUY,Down,0.6,35,0,"Ethereum Up or Down - March 19, 6:15PM-6:20PM ET"
2026-03-19 22:19:27.000,BUY,Up,0.38,35,0,"Ethereum Up or Down - March 19, 6:15PM-6:20PM ET"
2026-03-19 22:19:27.000,BUY,Down,0.45000008369567585,4.181817,0,"XRP Up or Down - March 19, 6:15PM-6:20PM ET"
2026-03-19 22:19:27.000,BUY,Down,0.93000063000063,1.42857,0,"Bitcoin Up or Down - March 19, 6:15PM-6:20PM ET"
2026-03-19 22:19:27.000,BUY,Down,0.93,2.49,0,"Bitcoin Up or Down - March 19, 6:15PM-6:20PM ET"
2026-03-19 22:19:27.000,BUY,Up,0.41,2.18,0,"Ethereum Up or Down - March 19, 6:15PM-6:20PM ET"
2026-03-19 22:19:27.000,BUY,Up,0.5400002392001149,2.173912,0,"XRP Up or Down - March 19, 6:15PM-6:20PM ET"
2026-03-19 22:19:25.000,BUY,Up,0.54,2,0,"XRP Up or Down - March 19, 6:15PM-6:20PM ET"
2026-03-19 22:19:25.000,BUY,Down,0.45,5.81818,0,"XRP Up or Down - March 19, 6:15PM-6:20PM ET"
2026-03-19 22:19:25.000,BUY,Down,0.44000000715655174,5.589284,0,"XRP Up or Down - March 19, 6:15PM-6:20PM ET"
2026-03-19 22:19:25.000,BUY,Up,0.54,5,0,"XRP Up or Down - March 19, 6:15PM-6:20PM ET"
2026-03-19 22:19:25.000,BUY,Down,0.75,5.76,0,"Solana Up or Down - March 19, 6:15PM-6:20PM ET"
2026-03-19 22:19:25.000,BUY,Up,0.11,37.90895,0,"Solana Up or Down - March 19, 6:15PM-6:20PM ET"
2026-03-19 22:19:23.000,BUY,Up,0.21,30.31,0,"Ethereum Up or Down - March 19, 6:15PM-6:20PM ET"
2026-03-19 22:19:23.000,BUY,Up,0.21,4.69,0,"Ethereum Up or Down - March 19, 6:15PM-6:20PM ET"
2026-03-19 22:19:21.000,BUY,Up,0.21,7,0,"XRP Up or Down - March 19, 6:15PM-6:20PM ET"
2026-03-19 22:19:19.000,BUY,Up,0.21,7,0,"XRP Up or Down - March 19, 6:15PM-6:20PM ET"
2026-03-19 22:19:19.000,BUY,Up,0.05,23.78658,0,"Bitcoin Up or Down - March 19, 6:15PM-6:20PM ET"
2026-03-19 22:19:17.000,BUY,Up,0.05,51.271069999999995,0,"Bitcoin Up or Down - March 19, 6:15PM-6:20PM ET"
2026-03-19 22:19:11.000,BUY,Down,0.88,0.48863999999999996,0,"Solana Up or Down - March 19, 6:15PM-6:20PM ET"
2026-03-19 22:19:11.000,BUY,Down,0.76,7,0,"XRP Up or Down - March 19, 6:15PM-6:20PM ET"
2026-03-19 22:19:09.000,BUY,Up,0.25,1.413332,0,"XRP Up or Down - March 19, 6:15PM-6:20PM ET"
2026-03-19 22:19:07.000,BUY,Up,0.06,7.07,0,"Bitcoin Up or Down - March 19, 6:15PM-6:20PM ET"
2026-03-19 22:19:07.000,BUY,Up,0.2,7,0,"XRP Up or Down - March 19, 6:15PM-6:20PM ET"
2026-03-19 22:19:07.000,BUY,Up,0.06,160.37237,0,"Bitcoin Up or Down - March 19, 6:15PM-6:20PM ET"
2026-03-19 22:19:07.000,BUY,Up,0.06,67.93,0,"Bitcoin Up or Down - March 19, 6:15PM-6:20PM ET"
2026-03-19 22:19:03.000,BUY,Up,0.07000000465000138,10.752685,0,"Bitcoin Up or Down - March 19, 6:15PM-6:20PM ET"
2026-03-19 22:19:03.000,BUY,Up,0.07,28.91,0,"Bitcoin Up or Down - March 19, 6:15PM-6:20PM ET"
2026-03-19 22:19:03.000,BUY,Down,0.87,4.98402,0,"Ethereum Up or Down - March 19, 6:15PM-6:20PM ET"
2026-03-19 22:19:01.000,BUY,Down,0.87,1.48524,0,"Ethereum Up or Down - March 19, 6:15PM-6:20PM ET"
2026-03-19 22:18:55.000,BUY,Up,0.08,10.24,0,"Bitcoin Up or Down - March 19, 6:15PM-6:20PM ET"
2026-03-19 22:18:55.000,BUY,Down,0.86,22.5,0,"Ethereum Up or Down - March 19, 6:15PM-6:20PM ET"
2026-03-19 22:18:55.000,BUY,Down,0.86,7,0,"Solana Up or Down - March 19, 6:15PM-6:20PM ET"
2026-03-19 22:18:53.000,BUY,Up,0.08000000115951567,34.497162,0,"Bitcoin Up or Down - March 19, 6:15PM-6:20PM ET"
2026-03-19 22:18:53.000,BUY,Down,0.86,0.02,0,"Ethereum Up or Down - March 19, 6:15PM-6:20PM ET"
2026-03-19 22:18:51.000,BUY,Up,0.09,5.33,0,"Bitcoin Up or Down - March 19, 6:15PM-6:20PM ET"
2026-03-19 22:18:49.000,BUY,Up,0.08,2.17,0,"Bitcoin Up or Down - March 19, 6:15PM-6:20PM ET"
2026-03-19 22:18:49.000,BUY,Up,0.09000000530669795,13.190877,0,"Bitcoin Up or Down - March 19, 6:15PM-6:20PM ET"
2026-03-19 22:18:49.000,BUY,Up,0.08,28.08695,0,"Bitcoin Up or Down - March 19, 6:15PM-6:20PM ET"
2026-03-19 22:18:47.000,BUY,Down,0.93,27.06,0,"Ethereum Up or Down - March 19, 6:15PM-6:20PM ET"
2026-03-19 22:18:43.000,BUY,Up,0.05,22.3842,0,"Ethereum Up or Down - March 19, 6:15PM-6:20PM ET"
2026-03-19 22:18:43.000,BUY,Up,0.05,12.61,0,"Ethereum Up or Down - March 19, 6:15PM-6:20PM ET"
2026-03-19 22:18:41.000,BUY,Down,0.9300000311500017,28.571427,0,"Ethereum Up or Down - March 19, 6:15PM-6:20PM ET"
2026-03-19 22:18:39.000,BUY,Up,0.09,4.92,0,"Bitcoin Up or Down - March 19, 6:15PM-6:20PM ET"
2026-03-19 22:18:39.000,BUY,Up,0.09,1.0989,0,"Bitcoin Up or Down - March 19, 6:15PM-6:20PM ET"
2026-03-19 22:18:39.000,BUY,Up,0.09000000148554112,47.120877,0,"Bitcoin Up or Down - March 19, 6:15PM-6:20PM ET"
2026-03-19 22:18:39.000,BUY,Up,0.09,18.34,0,"Bitcoin Up or Down - March 19, 6:15PM-6:20PM ET"
2026-03-19 22:18:39.000,BUY,Up,0.09000002283569036,3.503288,0,"Bitcoin Up or Down - March 19, 6:15PM-6:20PM ET"
2026-03-19 22:18:37.000,BUY,Up,0.06,0.14,0,"Ethereum Up or Down - March 19, 6:15PM-6:20PM ET"
2026-03-19 22:18:37.000,BUY,Up,0.06,5,0,"Ethereum Up or Down - March 19, 6:15PM-6:20PM ET"
2026-03-19 22:18:35.000,BUY,Up,0.060000037600487305,1.063816,0,"Ethereum Up or Down - March 19, 6:15PM-6:20PM ET"
2026-03-19 22:18:35.000,BUY,Up,0.06000000138962877,28.784666,0,"Ethereum Up or Down - March 19, 6:15PM-6:20PM ET"
2026-03-19 22:18:35.000,BUY,Down,0.9,7,0,"Solana Up or Down - March 19, 6:15PM-6:20PM ET"
2026-03-19 22:18:31.000,BUY,Down,0.89,75,0,"Bitcoin Up or Down - March 19, 6:15PM-6:20PM ET"
2026-03-19 22:18:31.000,BUY,Down,0.9,75,0,"Bitcoin Up or Down - March 19, 6:15PM-6:20PM ET"
2026-03-19 22:18:31.000,BUY,Down,0.89,2.71,0,"Solana Up or Down - March 19, 6:15PM-6:20PM ET"
2026-03-19 22:18:27.000,BUY,Up,0.09,75,0,"Bitcoin Up or Down - March 19, 6:15PM-6:20PM ET"
2026-03-19 22:18:25.000,BUY,Up,0.08,37.44922,0,"Solana Up or Down - March 19, 6:15PM-6:20PM ET"
2026-03-19 22:18:23.000,BUY,Down,0.9099999988610752,8.765490999999999,0,"Solana Up or Down - March 19, 6:15PM-6:20PM ET"
2026-03-19 22:18:23.000,BUY,Down,0.89,75,0,"Bitcoin Up or Down - March 19, 6:15PM-6:20PM ET"
2026-03-19 22:18:23.000,BUY,Down,0.9,75,0,"Bitcoin Up or Down - March 19, 6:15PM-6:20PM ET"
2026-03-19 22:18:19.000,BUY,Up,0.09,75,0,"Bitcoin Up or Down - March 19, 6:15PM-6:20PM ET"
2026-03-19 22:18:19.000,,,0,698.983172,0,"Bitcoin Up or Down - March 19, 6:15PM-6:20PM ET"
2026-03-19 22:18:19.000,BUY,Up,0.08,37.06,0,"Bitcoin Up or Down - March 19, 6:15PM-6:20PM ET"
2026-03-19 22:18:15.000,BUY,Up,0.08,21.739125,0,"Bitcoin Up or Down - March 19, 6:15PM-6:20PM ET"
2026-03-19 22:18:15.000,BUY,Up,0.08,4.23565,0,"Bitcoin Up or Down - March 19, 6:15PM-6:20PM ET"
2026-03-19 22:18:15.000,BUY,Up,0.08000000368000108,10.869562,0,"Bitcoin Up or Down - March 19, 6:15PM-6:20PM ET"
2026-03-19 22:18:15.000,BUY,Up,0.08,1.08695,0,"Bitcoin Up or Down - March 19, 6:15PM-6:20PM ET"
2026-03-19 22:18:15.000,BUY,Down,0.88,75,0,"Bitcoin Up or Down - March 19, 6:15PM-6:20PM ET"
2026-03-19 22:18:15.000,BUY,Down,0.89,75,0,"Bitcoin Up or Down - March 19, 6:15PM-6:20PM ET"
2026-03-19 22:18:11.000,BUY,Down,0.89,7,0,"Solana Up or Down - March 19, 6:15PM-6:20PM ET"
2026-03-19 22:18:11.000,BUY,Up,0.09,1.0989,0,"Bitcoin Up or Down - March 19, 6:15PM-6:20PM ET"
2026-03-19 22:18:11.000,BUY,Up,0.09000001341053458,5.219777,0,"Bitcoin Up or Down - March 19, 6:15PM-6:20PM ET"
2026-03-19 22:18:11.000,BUY,Up,0.09,75,0,"Bitcoin Up or Down - March 19, 6:15PM-6:20PM ET"
2026-03-19 22:18:09.000,BUY,Up,0.06,20,0,"Ethereum Up or Down - March 19, 6:15PM-6:20PM ET"
2026-03-19 22:18:07.000,BUY,Down,0.87,75,0,"Bitcoin Up or Down - March 19, 6:15PM-6:20PM ET"
2026-03-19 22:18:07.000,BUY,Down,0.88,75,0,"Bitcoin Up or Down - March 19, 6:15PM-6:20PM ET"
2026-03-19 22:18:05.000,BUY,Down,0.86,11.95652,0,"Solana Up or Down - March 19, 6:15PM-6:20PM ET"
2026-03-19 22:18:05.000,BUY,Down,0.91,21.823349999999998,0,"Ethereum Up or Down - March 19, 6:15PM-6:20PM ET"
2026-03-19 22:18:05.000,BUY,Down,0.91,1,0,"Ethereum Up or Down - March 19, 6:15PM-6:20PM ET"
2026-03-19 22:18:05.000,BUY,Down,0.91,34,0,"Ethereum Up or Down - March 19, 6:15PM-6:20PM ET"
2026-03-19 22:18:03.000,BUY,Down,0.86,7,0,"XRP Up or Down - March 19, 6:15PM-6:20PM ET"
2026-03-19 22:17:59.000,BUY,Down,0.89,7,0,"XRP Up or Down - March 19, 6:15PM-6:20PM ET"
2026-03-19 22:17:59.000,BUY,Down,0.87,75,0,"Bitcoin Up or Down - March 19, 6:15PM-6:20PM ET"
2026-03-19 22:17:59.000,BUY,Down,0.88,75,0,"Bitcoin Up or Down - March 19, 6:15PM-6:20PM ET"
2026-03-19 22:17:55.000,BUY,Down,0.9100002762070013,3.222221,0,"Solana Up or Down - March 19, 6:15PM-6:20PM ET"
2026-03-19 22:17:51.000,BUY,Down,0.89,75,0,"Bitcoin Up or Down - March 19, 6:15PM-6:20PM ET"
2026-03-19 22:17:41.000,BUY,Down,0.940000337500211,2.666665,0,"XRP Up or Down - March 19, 6:15PM-6:20PM ET"
2026-03-19 22:17:39.000,BUY,Up,0.07,37.95974,0,"Solana Up or Down - March 19, 6:15PM-6:20PM ET"
2026-03-19 22:17:37.000,BUY,Up,0.09,74.87424,0,"Bitcoin Up or Down - March 19, 6:15PM-6:20PM ET"
2026-03-19 22:17:37.000,BUY,Up,0.06,16.137159999999998,0,"Ethereum Up or Down - March 19, 6:15PM-6:20PM ET"
2026-03-19 22:17:33.000,BUY,Up,0.06,1.0851,0,"Ethereum Up or Down - March 19, 6:15PM-6:20PM ET"
2026-03-19 22:17:33.000,BUY,Up,0.06,8.96,0,"Ethereum Up or Down - March 19, 6:15PM-6:20PM ET"
2026-03-19 22:17:33.000,BUY,Up,0.06,24.95,0,"Ethereum Up or Down - March 19, 6:15PM-6:20PM ET"
2026-03-19 22:17:33.000,BUY,Up,0.10999999521975305,183.649808,0,"Bitcoin Up or Down - March 19, 6:15PM-6:20PM ET"
2026-03-19 22:17:29.000,BUY,Up,0.12,75,0,"Bitcoin Up or Down - March 19, 6:15PM-6:20PM ET"
2026-03-19 22:17:19.000,,,0,543.752094,0,"Bitcoin Up or Down - March 19, 6:15PM-6:20PM ET"
2026-03-19 22:17:19.000,BUY,Down,0.8600001176000188,7.142856,0,"Bitcoin Up or Down - March 19, 6:15PM-6:20PM ET"
2026-03-19 22:17:19.000,BUY,Down,0.86,41.06,0,"Bitcoin Up or Down - March 19, 6:15PM-6:20PM ET"
2026-03-19 22:17:19.000,BUY,Down,0.86,1.37,0,"Bitcoin Up or Down - March 19, 6:15PM-6:20PM ET"
2026-03-19 22:17:19.000,BUY,Down,0.86,21,0,"Bitcoin Up or Down - March 19, 6:15PM-6:20PM ET"
2026-03-19 22:17:19.000,BUY,Down,0.86,10,0,"Bitcoin Up or Down - March 19, 6:15PM-6:20PM ET"
2026-03-19 22:17:19.000,BUY,Down,0.8600001176000188,7.142856,0,"Bitcoin Up or Down - March 19, 6:15PM-6:20PM ET"
2026-03-19 22:17:19.000,BUY,Down,0.86,12.12,0,"Bitcoin Up or Down - March 19, 6:15PM-6:20PM ET"
2026-03-19 22:17:19.000,BUY,Down,0.86,6.15,0,"Bitcoin Up or Down - March 19, 6:15PM-6:20PM ET"
2026-03-19 22:17:19.000,BUY,Down,0.86,26,0,"Bitcoin Up or Down - March 19, 6:15PM-6:20PM ET"
2026-03-19 22:17:19.000,BUY,Down,0.86,18,0,"Bitcoin Up or Down - March 19, 6:15PM-6:20PM ET"
2026-03-19 22:17:15.000,BUY,Up,0.11,25.83795,0,"Bitcoin Up or Down - March 19, 6:15PM-6:20PM ET"
2026-03-19 22:17:15.000,BUY,Up,0.11,109.73643,0,"Bitcoin Up or Down - March 19, 6:15PM-6:20PM ET"
2026-03-19 22:17:13.000,BUY,Down,0.8499999817204227,5.4483559999999995,0,"Solana Up or Down - March 19, 6:15PM-6:20PM ET"
2026-03-19 22:17:13.000,BUY,Down,0.88,7,0,"XRP Up or Down - March 19, 6:15PM-6:20PM ET"
2026-03-19 22:17:13.000,BUY,Down,0.85,6.97156,0,"Solana Up or Down - March 19, 6:15PM-6:20PM ET"
2026-03-19 22:17:11.000,BUY,Up,0.11,4.98802,0,"Bitcoin Up or Down - March 19, 6:15PM-6:20PM ET"
2026-03-19 22:17:11.000,BUY,Up,0.1,75,0,"Bitcoin Up or Down - March 19, 6:15PM-6:20PM ET"
2026-03-19 22:17:11.000,BUY,Up,0.11,3.46,0,"Bitcoin Up or Down - March 19, 6:15PM-6:20PM ET"
2026-03-19 22:17:11.000,BUY,Up,0.11,5,0,"Bitcoin Up or Down - March 19, 6:15PM-6:20PM ET"
2026-03-19 22:17:11.000,BUY,Up,0.1100000890004361,1.12359,0,"Bitcoin Up or Down - March 19, 6:15PM-6:20PM ET"
2026-03-19 22:17:11.000,BUY,Up,0.11,8,0,"Bitcoin Up or Down - March 19, 6:15PM-6:20PM ET"
2026-03-19 22:17:11.000,BUY,Up,0.11,5,0,"Bitcoin Up or Down - March 19, 6:15PM-6:20PM ET"
2026-03-19 22:17:11.000,BUY,Up,0.11,5.1,0,"Bitcoin Up or Down - March 19, 6:15PM-6:20PM ET"
2026-03-19 22:17:11.000,BUY,Up,0.11,2,0,"Bitcoin Up or Down - March 19, 6:15PM-6:20PM ET"
2026-03-19 22:17:11.000,BUY,Up,0.11,4,0,"Bitcoin Up or Down - March 19, 6:15PM-6:20PM ET"
2026-03-19 22:17:11.000,BUY,Up,0.11000001582224656,5.056172,0,"Bitcoin Up or Down - March 19, 6:15PM-6:20PM ET"
2026-03-19 22:17:11.000,BUY,Up,0.11000004450002003,2.24719,0,"Bitcoin Up or Down - March 19, 6:15PM-6:20PM ET"
2026-03-19 22:17:11.000,BUY,Up,0.11,34,0,"Bitcoin Up or Down - March 19, 6:15PM-6:20PM ET"
2026-03-19 22:17:09.000,BUY,Up,0.11,3.0337,0,"Bitcoin Up or Down - March 19, 6:15PM-6:20PM ET"
2026-03-19 22:17:09.000,BUY,Up,0.11,3.0337,0,"Bitcoin Up or Down - March 19, 6:15PM-6:20PM ET"
2026-03-19 22:17:09.000,BUY,Up,0.11,3.0337,0,"Bitcoin Up or Down - March 19, 6:15PM-6:20PM ET"
2026-03-19 22:17:07.000,BUY,Up,0.11,1.27,0,"Bitcoin Up or Down - March 19, 6:15PM-6:20PM ET"
2026-03-19 22:17:07.000,BUY,Up,0.11,3.0337,0,"Bitcoin Up or Down - March 19, 6:15PM-6:20PM ET"
2026-03-19 22:17:07.000,BUY,Up,0.11,3.0337,0,"Bitcoin Up or Down - March 19, 6:15PM-6:20PM ET"
2026-03-19 22:17:07.000,BUY,Up,0.11,10,0,"Bitcoin Up or Down - March 19, 6:15PM-6:20PM ET"
2026-03-19 22:17:07.000,BUY,Up,0.11,3.0337,0,"Bitcoin Up or Down - March 19, 6:15PM-6:20PM ET"
2026-03-19 22:17:07.000,BUY,Up,0.11,3.0337,0,"Bitcoin Up or Down - March 19, 6:15PM-6:20PM ET"
2026-03-19 22:17:07.000,BUY,Up,0.11,3.0337,0,"Bitcoin Up or Down - March 19, 6:15PM-6:20PM ET"
2026-03-19 22:17:07.000,BUY,Up,0.11,3.0337,0,"Bitcoin Up or Down - March 19, 6:15PM-6:20PM ET"
2026-03-19 22:17:07.000,BUY,Up,0.11,3.0337,0,"Bitcoin Up or Down - March 19, 6:15PM-6:20PM ET"
2026-03-19 22:17:07.000,BUY,Up,0.11,3.0337,0,"Bitcoin Up or Down - March 19, 6:15PM-6:20PM ET"
2026-03-19 22:17:07.000,BUY,Up,0.11,3,0,"Bitcoin Up or Down - March 19, 6:15PM-6:20PM ET"
2026-03-19 22:17:07.000,BUY,Up,0.11000001424001402,5.617972,0,"Bitcoin Up or Down - March 19, 6:15PM-6:20PM ET"
2026-03-19 22:17:07.000,BUY,Up,0.11,3.0337,0,"Bitcoin Up or Down - March 19, 6:15PM-6:20PM ET"
2026-03-19 22:17:07.000,BUY,Up,0.11,3.0337,0,"Bitcoin Up or Down - March 19, 6:15PM-6:20PM ET"
2026-03-19 22:17:07.000,BUY,Up,0.11,3.0337,0,"Bitcoin Up or Down - March 19, 6:15PM-6:20PM ET"
2026-03-19 22:17:07.000,BUY,Up,0.11,3,0,"Bitcoin Up or Down - March 19, 6:15PM-6:20PM ET"
2026-03-19 22:17:07.000,BUY,Up,0.11,3,0,"Bitcoin Up or Down - March 19, 6:15PM-6:20PM ET"
2026-03-19 22:17:07.000,BUY,Up,0.11,3.55,0,"Bitcoin Up or Down - March 19, 6:15PM-6:20PM ET"
2026-03-19 22:17:07.000,BUY,Up,0.11,3,0,"Bitcoin Up or Down - March 19, 6:15PM-6:20PM ET"
2026-03-19 22:17:05.000,BUY,Up,0.14,75,0,"Bitcoin Up or Down - March 19, 6:15PM-6:20PM ET"
2026-03-19 22:17:03.000,BUY,Up,0.19,34,0,"Bitcoin Up or Down - March 19, 6:15PM-6:20PM ET"
2026-03-19 22:17:01.000,BUY,Up,0.21,7,0,"XRP Up or Down - March 19, 6:15PM-6:20PM ET"
2026-03-19 22:17:01.000,BUY,Up,0.22,7,0,"XRP Up or Down - March 19, 6:15PM-6:20PM ET"
2026-03-19 22:17:01.000,BUY,Up,0.19,41,0,"Bitcoin Up or Down - March 19, 6:15PM-6:20PM ET"
2026-03-19 22:16:59.000,BUY,Down,0.7899999911676998,10.119761,0,"Bitcoin Up or Down - March 19, 6:15PM-6:20PM ET"
2026-03-19 22:16:59.000,BUY,Up,0.23,7,0,"XRP Up or Down - March 19, 6:15PM-6:20PM ET"
2026-03-19 22:16:57.000,BUY,Up,0.25,3.84,0,"XRP Up or Down - March 19, 6:15PM-6:20PM ET"
2026-03-19 22:16:49.000,BUY,Down,0.82,4.97277,0,"Bitcoin Up or Down - March 19, 6:15PM-6:20PM ET"
2026-03-19 22:16:45.000,BUY,Down,0.81,87.64792,0,"Bitcoin Up or Down - March 19, 6:15PM-6:20PM ET"
2026-03-19 22:16:43.000,BUY,Down,0.56,35,0,"Ethereum Up or Down - March 19, 6:15PM-6:20PM ET"
2026-03-19 22:16:39.000,BUY,Up,0.2,12,0,"Bitcoin Up or Down - March 19, 6:15PM-6:20PM ET"
2026-03-19 22:16:39.000,BUY,Down,0.65,1.50034,0,"Solana Up or Down - March 19, 6:15PM-6:20PM ET"
2026-03-19 22:16:39.000,BUY,Down,0.65,6.90943,0,"Solana Up or Down - March 19, 6:15PM-6:20PM ET"
2026-03-19 22:16:39.000,BUY,Up,0.17,75,0,"Bitcoin Up or Down - March 19, 6:15PM-6:20PM ET"
2026-03-19 22:16:37.000,BUY,Up,0.45000003358779445,11.909088,0,"Ethereum Up or Down - March 19, 6:15PM-6:20PM ET"
2026-03-19 22:16:37.000,BUY,Up,0.29,7,0,"XRP Up or Down - March 19, 6:15PM-6:20PM ET"
2026-03-19 22:16:37.000,BUY,Up,0.2,31.77,0,"Bitcoin Up or Down - March 19, 6:15PM-6:20PM ET"
2026-03-19 22:16:33.000,BUY,Down,0.5999999812792488,10.529502,0,"Solana Up or Down - March 19, 6:15PM-6:20PM ET"
2026-03-19 22:16:23.000,BUY,Up,0.49000001418025024,20.450979,0,"Ethereum Up or Down - March 19, 6:15PM-6:20PM ET"
2026-03-19 22:16:17.000,BUY,Down,0.49,12.590319999999998,0,"Ethereum Up or Down - March 19, 6:15PM-6:20PM ET"
2026-03-19 22:16:17.000,BUY,Down,0.5,14.76563,0,"Ethereum Up or Down - March 19, 6:15PM-6:20PM ET"
2026-03-19 22:16:09.000,BUY,Up,0.4,1.666665,0,"Solana Up or Down - March 19, 6:15PM-6:20PM ET"
2026-03-19 22:16:09.000,BUY,Up,0.4,7,0,"Solana Up or Down - March 19, 6:15PM-6:20PM ET"
2026-03-19 22:16:09.000,BUY,Up,0.4,7,0,"Solana Up or Down - March 19, 6:15PM-6:20PM ET"
2026-03-19 22:16:07.000,BUY,Down,0.55,15.18386,0,"Ethereum Up or Down - March 19, 6:15PM-6:20PM ET"
2026-03-19 22:16:07.000,BUY,Up,0.41,7,0,"Solana Up or Down - March 19, 6:15PM-6:20PM ET"
2026-03-19 22:16:07.000,BUY,Down,0.71,10.86363,0,"Bitcoin Up or Down - March 19, 6:15PM-6:20PM ET"
2026-03-19 22:16:07.000,BUY,Down,0.64999999756006,40.454314000000004,0,"Bitcoin Up or Down - March 19, 6:15PM-6:20PM ET"
2026-03-19 22:16:07.000,BUY,Down,0.64999999782754,68.152761,0,"Bitcoin Up or Down - March 19, 6:15PM-6:20PM ET"
2026-03-19 22:16:07.000,BUY,Down,0.6499999967171717,75.16849500000001,0,"Bitcoin Up or Down - March 19, 6:15PM-6:20PM ET"
2026-03-19 22:16:05.000,BUY,Down,0.43,4.92491,0,"Solana Up or Down - March 19, 6:15PM-6:20PM ET"
2026-03-19 22:16:05.000,BUY,Down,0.53,4.3809700000000005,0,"Solana Up or Down - March 19, 6:15PM-6:20PM ET"
2026-03-19 22:16:05.000,BUY,Down,0.57,13.848840000000001,0,"Bitcoin Up or Down - March 19, 6:15PM-6:20PM ET"
2026-03-19 22:16:05.000,BUY,Down,0.49,2.49051,0,"Solana Up or Down - March 19, 6:15PM-6:20PM ET"
2026-03-19 22:15:59.000,BUY,Up,0.52,75,0,"Bitcoin Up or Down - March 19, 6:15PM-6:20PM ET"
2026-03-19 22:15:57.000,BUY,Up,0.67,8.97,0,"Ethereum Up or Down - March 19, 6:15PM-6:20PM ET"
2026-03-19 22:15:57.000,BUY,Up,0.58,3.61,0,"Solana Up or Down - March 19, 6:15PM-6:20PM ET"
2026-03-19 22:15:57.000,BUY,Up,0.58,3.39,0,"Solana Up or Down - March 19, 6:15PM-6:20PM ET"
2026-03-19 22:15:57.000,BUY,Up,0.43,7,0,"XRP Up or Down - March 19, 6:15PM-6:20PM ET"
2026-03-19 22:15:49.000,BUY,Up,0.38,5.21,0,"XRP Up or Down - March 19, 6:15PM-6:20PM ET"
2026-03-19 22:15:49.000,BUY,Up,0.38,1.79,0,"XRP Up or Down - March 19, 6:15PM-6:20PM ET"
2026-03-19 22:15:47.000,BUY,Down,0.4099999508981948,8.02717,0,"Solana Up or Down - March 19, 6:15PM-6:20PM ET"
2026-03-19 22:15:45.000,BUY,Up,0.44,2,0,"XRP Up or Down - March 19, 6:15PM-6:20PM ET"
2026-03-19 22:15:45.000,BUY,Up,0.65,35,0,"Ethereum Up or Down - March 19, 6:15PM-6:20PM ET"
2026-03-19 22:15:41.000,BUY,Up,0.53,5,0,"Bitcoin Up or Down - March 19, 6:15PM-6:20PM ET"
2026-03-19 22:15:41.000,BUY,Up,0.5300000246904348,11.340424,0,"Bitcoin Up or Down - March 19, 6:15PM-6:20PM ET"
2026-03-19 22:15:41.000,BUY,Up,0.53,5,0,"Bitcoin Up or Down - March 19, 6:15PM-6:20PM ET"
2026-03-19 22:15:41.000,BUY,Up,0.53,5,0,"Bitcoin Up or Down - March 19, 6:15PM-6:20PM ET"
2026-03-19 22:15:41.000,BUY,Up,0.53,1.6,0,"Bitcoin Up or Down - March 19, 6:15PM-6:20PM ET"
2026-03-19 22:15:41.000,BUY,Up,0.53,0.48,0,"Bitcoin Up or Down - March 19, 6:15PM-6:20PM ET"
2026-03-19 22:15:41.000,BUY,Up,0.53,12.5,0,"Bitcoin Up or Down - March 19, 6:15PM-6:20PM ET"
2026-03-19 22:15:41.000,BUY,Up,0.53,3,0,"Bitcoin Up or Down - March 19, 6:15PM-6:20PM ET"
2026-03-19 22:15:41.000,BUY,Up,0.53,3,0,"Bitcoin Up or Down - March 19, 6:15PM-6:20PM ET"
2026-03-19 22:15:41.000,BUY,Up,0.5300000522222527,3.063828,0,"Bitcoin Up or Down - March 19, 6:15PM-6:20PM ET"
2026-03-19 22:15:39.000,BUY,Down,0.44,7,0,"Solana Up or Down - March 19, 6:15PM-6:20PM ET"
2026-03-19 22:15:39.000,BUY,Down,0.45,7,0,"Solana Up or Down - March 19, 6:15PM-6:20PM ET"
2026-03-19 22:15:35.000,BUY,Up,0.460000044494395,4.944443,0,"XRP Up or Down - March 19, 6:15PM-6:20PM ET"
2026-03-19 22:15:31.000,BUY,Up,0.51,5.15,0,"Solana Up or Down - March 19, 6:15PM-6:20PM ET"
2026-03-19 22:15:29.000,BUY,Up,0.49000005086074544,8.257842,0,"Bitcoin Up or Down - March 19, 6:15PM-6:20PM ET"
2026-03-19 22:15:29.000,BUY,Up,0.49,66.74,0,"Bitcoin Up or Down - March 19, 6:15PM-6:20PM ET"
2026-03-19 22:15:25.000,BUY,Down,0.55,7.87749,0,"XRP Up or Down - March 19, 6:15PM-6:20PM ET"
2026-03-19 22:15:15.000,BUY,Up,0.35,7,0,"XRP Up or Down - March 19, 6:15PM-6:20PM ET"
2026-03-19 22:15:15.000,BUY,Down,0.57,7,0,"Solana Up or Down - March 19, 6:15PM-6:20PM ET"
2026-03-19 22:15:15.000,BUY,Up,0.34,0.86,0,"XRP Up or Down - March 19, 6:15PM-6:20PM ET"
2026-03-19 22:15:13.000,BUY,Down,0.59,35,0,"Ethereum Up or Down - March 19, 6:15PM-6:20PM ET"
2026-03-19 22:15:11.000,BUY,Down,0.59,7,0,"Solana Up or Down - March 19, 6:15PM-6:20PM ET"
2026-03-19 22:15:11.000,BUY,Down,0.61,12,0,"Ethereum Up or Down - March 19, 6:15PM-6:20PM ET"
2026-03-19 22:15:11.000,BUY,Down,0.7299999827014161,11.44936,0,"Bitcoin Up or Down - March 19, 6:15PM-6:20PM ET"
2026-03-19 22:15:11.000,BUY,Down,0.61,4.47,0,"Ethereum Up or Down - March 19, 6:15PM-6:20PM ET"
2026-03-19 22:15:11.000,BUY,Down,0.7,209.09758,0,"Bitcoin Up or Down - March 19, 6:15PM-6:20PM ET"
2026-03-19 22:15:09.000,BUY,Up,0.4,7,0,"XRP Up or Down - March 19, 6:15PM-6:20PM ET"
2026-03-19 22:15:09.000,BUY,Down,0.73,51.49498,0,"Bitcoin Up or Down - March 19, 6:15PM-6:20PM ET"
2026-03-19 22:15:09.000,BUY,Down,0.68,6.91714,0,"XRP Up or Down - March 19, 6:15PM-6:20PM ET"
2026-03-19 22:15:09.000,BUY,Down,0.679999990135992,16.028577,0,"XRP Up or Down - March 19, 6:15PM-6:20PM ET"
