timestamp,side,outcome,price,size,usdc,market
2026-03-19 22:32:15.000,BUY,Up,0.54,33.99,0,"Ethereum Up or Down - March 19, 6:30PM-6:35PM ET"
2026-03-19 22:32:13.000,BUY,Down,0.79,20,0,"Bitcoin Up or Down - March 19, 6:30PM-6:35PM ET"
2026-03-19 22:32:11.000,BUY,Down,0.8100012540042636,0.526314,0,"Bitcoin Up or Down - March 19, 6:30PM-6:35PM ET"
2026-03-19 22:32:09.000,BUY,Up,0.4,31.5,0,"Ethereum Up or Down - March 19, 6:30PM-6:35PM ET"
2026-03-19 22:32:09.000,BUY,Up,0.13,15.16,0,"Bitcoin Up or Down - March 19, 6:30PM-6:35PM ET"
2026-03-19 22:32:09.000,BUY,Up,0.13000000670365744,2.983446,0,"Bitcoin Up or Down - March 19, 6:30PM-6:35PM ET"
2026-03-19 22:32:09.000,BUY,Up,0.130000016481986,1.213446,0,"Bitcoin Up or Down - March 19, 6:30PM-6:35PM ET"
2026-03-19 22:32:09.000,BUY,Down,0.8100001216000438,5.263156,0,"Bitcoin Up or Down - March 19, 6:30PM-6:35PM ET"
2026-03-19 22:32:09.000,BUY,Down,0.8100000640117545,12.185262,0,"Bitcoin Up or Down - March 19, 6:30PM-6:35PM ET"
2026-03-19 22:32:07.000,BUY,Up,0.13000000644444917,3.103446,0,"Bitcoin Up or Down - March 19, 6:30PM-6:35PM ET"
2026-03-19 22:32:07.000,BUY,Up,0.13000000644444917,3.103446,0,"Bitcoin Up or Down - March 19, 6:30PM-6:35PM ET"
2026-03-19 22:32:07.000,BUY,Up,0.13000000644444917,3.103446,0,"Bitcoin Up or Down - March 19, 6:30PM-6:35PM ET"
2026-03-19 22:32:07.000,BUY,Up,0.13000000644444917,3.103446,0,"Bitcoin Up or Down - March 19, 6:30PM-6:35PM ET"
2026-03-19 22:32:07.000,BUY,Up,0.13000000644444917,3.103446,0,"Bitcoin Up or Down - March 19, 6:30PM-6:35PM ET"
2026-03-19 22:32:07.000,BUY,Up,0.13000000644444917,3.103446,0,"Bitcoin Up or Down - March 19, 6:30PM-6:35PM ET"
2026-03-19 22:32:07.000,BUY,Up,0.13000000644444917,3.103446,0,"Bitcoin Up or Down - March 19, 6:30PM-6:35PM ET"
2026-03-19 22:32:07.000,BUY,Up,0.39,18.5,0,"Ethereum Up or Down - March 19, 6:30PM-6:35PM ET"
2026-03-19 22:32:07.000,BUY,Up,0.13000000644444917,3.103446,0,"Bitcoin Up or Down - March 19, 6:30PM-6:35PM ET"
2026-03-19 22:32:07.000,BUY,Up,0.13000000644444917,3.103446,0,"Bitcoin Up or Down - March 19, 6:30PM-6:35PM ET"
2026-03-19 22:32:07.000,BUY,Up,0.2763,49.50021,0,"Ethereum Up or Down - March 19, 6:30PM-6:35PM ET"
2026-03-19 22:32:07.000,BUY,Up,0.27,49.5144,0,"Ethereum Up or Down - March 19, 6:30PM-6:35PM ET"
2026-03-19 22:32:05.000,BUY,Up,0.13,38.85,0,"Bitcoin Up or Down - March 19, 6:30PM-6:35PM ET"
2026-03-19 22:32:05.000,BUY,Up,0.13,5,0,"Bitcoin Up or Down - March 19, 6:30PM-6:35PM ET"
2026-03-19 22:32:05.000,BUY,Up,0.13,5,0,"Bitcoin Up or Down - March 19, 6:30PM-6:35PM ET"
2026-03-19 22:32:05.000,BUY,Up,0.13,20,0,"Bitcoin Up or Down - March 19, 6:30PM-6:35PM ET"
2026-03-19 22:32:05.000,BUY,Up,0.13000000870001732,1.149423,0,"Bitcoin Up or Down - March 19, 6:30PM-6:35PM ET"
2026-03-19 22:31:45.000,BUY,Up,0.29,34.97534,0,"Ethereum Up or Down - March 19, 6:30PM-6:35PM ET"
2026-03-19 22:31:41.000,BUY,Up,0.28,49.49197,0,"Ethereum Up or Down - March 19, 6:30PM-6:35PM ET"
2026-03-19 22:31:39.000,BUY,Up,0.33,0.8297399999999999,0,"Ethereum Up or Down - March 19, 6:30PM-6:35PM ET"
2026-03-19 22:31:39.000,BUY,Up,0.33,4.9389,0,"Ethereum Up or Down - March 19, 6:30PM-6:35PM ET"
2026-03-19 22:31:37.000,BUY,Up,0.29,4.94701,0,"Ethereum Up or Down - March 19, 6:30PM-6:35PM ET"
2026-03-19 22:31:33.000,BUY,Up,0.25,49.56055,0,"Ethereum Up or Down - March 19, 6:30PM-6:35PM ET"
2026-03-19 22:31:21.000,BUY,Up,0.25,4.95606,0,"Ethereum Up or Down - March 19, 6:30PM-6:35PM ET"
2026-03-19 22:31:15.000,BUY,Down,0.8561042857142858,69.73443,0,"Bitcoin Up or Down - March 19, 6:30PM-6:35PM ET"
2026-03-19 22:31:13.000,BUY,Up,0.09,70,0,"Bitcoin Up or Down - March 19, 6:30PM-6:35PM ET"
2026-03-19 22:31:07.000,BUY,Down,0.84,5,0,"Ethereum Up or Down - March 19, 6:30PM-6:35PM ET"
2026-03-19 22:31:05.000,BUY,Down,0.84,5,0,"Ethereum Up or Down - March 19, 6:30PM-6:35PM ET"
2026-03-19 22:31:05.000,BUY,Down,0.84,5,0,"Ethereum Up or Down - March 19, 6:30PM-6:35PM ET"
2026-03-19 22:31:05.000,BUY,Down,0.84,5,0,"Ethereum Up or Down - March 19, 6:30PM-6:35PM ET"
2026-03-19 22:31:05.000,BUY,Down,0.84,5,0,"Ethereum Up or Down - March 19, 6:30PM-6:35PM ET"
2026-03-19 22:31:05.000,BUY,Down,0.84,4.97743,0,"Ethereum Up or Down - March 19, 6:30PM-6:35PM ET"
2026-03-19 22:31:05.000,BUY,Down,0.83,26.78602,0,"Ethereum Up or Down - March 19, 6:30PM-6:35PM ET"
2026-03-19 22:31:05.000,BUY,Down,0.82,20.33863,0,"Ethereum Up or Down - March 19, 6:30PM-6:35PM ET"
2026-03-19 22:31:05.000,BUY,Down,0.84,5,0,"Ethereum Up or Down - March 19, 6:30PM-6:35PM ET"
2026-03-19 22:31:05.000,BUY,Down,0.84,5,0,"Ethereum Up or Down - March 19, 6:30PM-6:35PM ET"
2026-03-19 22:30:57.000,BUY,Down,0.79381,49.66513,0,"Ethereum Up or Down - March 19, 6:30PM-6:35PM ET"
2026-03-19 22:30:51.000,BUY,Up,0.24,12.89188,0,"Ethereum Up or Down - March 19, 6:30PM-6:35PM ET"
2026-03-19 22:30:51.000,BUY,Down,0.75,7.870220000000001,0,"Bitcoin Up or Down - March 19, 6:30PM-6:35PM ET"
2026-03-19 22:30:51.000,BUY,Down,0.7600001440000576,4.166665,0,"Ethereum Up or Down - March 19, 6:30PM-6:35PM ET"
2026-03-19 22:30:51.000,BUY,Down,0.76,0.25,0,"Ethereum Up or Down - March 19, 6:30PM-6:35PM ET"
2026-03-19 22:30:49.000,BUY,Down,0.76,12.5,0,"Ethereum Up or Down - March 19, 6:30PM-6:35PM ET"
2026-03-19 22:30:41.000,BUY,Up,0.37,7.83215,0,"Bitcoin Up or Down - March 19, 6:30PM-6:35PM ET"
2026-03-19 22:30:41.000,BUY,Up,0.42,29.55495,0,"Ethereum Up or Down - March 19, 6:30PM-6:35PM ET"
2026-03-19 22:30:39.000,BUY,Up,0.4,25.51719,0,"Ethereum Up or Down - March 19, 6:30PM-6:35PM ET"
2026-03-19 22:30:39.000,BUY,Up,0.4,49.28,0,"Ethereum Up or Down - March 19, 6:30PM-6:35PM ET"
2026-03-19 22:30:35.000,BUY,Up,0.4,13.51,0,"Ethereum Up or Down - March 19, 6:30PM-6:35PM ET"
2026-03-19 22:30:35.000,BUY,Up,0.40000007481300487,2.673332,0,"Ethereum Up or Down - March 19, 6:30PM-6:35PM ET"
2026-03-19 22:30:33.000,BUY,Up,0.4,19.485319999999998,0,"Ethereum Up or Down - March 19, 6:30PM-6:35PM ET"
2026-03-19 22:30:23.000,BUY,Down,0.53,25.59667,0,"Ethereum Up or Down - March 19, 6:30PM-6:35PM ET"
2026-03-19 22:30:23.000,BUY,Down,0.53,24,0,"Ethereum Up or Down - March 19, 6:30PM-6:35PM ET"
2026-03-19 22:30:23.000,BUY,Down,0.54,10.83032,0,"Ethereum Up or Down - March 19, 6:30PM-6:35PM ET"
2026-03-19 22:30:23.000,BUY,Down,0.54,49.22872,0,"Ethereum Up or Down - March 19, 6:30PM-6:35PM ET"
2026-03-19 22:30:21.000,BUY,Down,0.49,69.98,0,"Bitcoin Up or Down - March 19, 6:30PM-6:35PM ET"
2026-03-19 22:30:17.000,BUY,Up,0.45000001925000127,18.181817,0,"Bitcoin Up or Down - March 19, 6:30PM-6:35PM ET"
2026-03-19 22:30:17.000,BUY,Down,0.56,68.93753,0,"Bitcoin Up or Down - March 19, 6:30PM-6:35PM ET"
2026-03-19 22:30:15.000,BUY,Up,0.45,1.81818,0,"Bitcoin Up or Down - March 19, 6:30PM-6:35PM ET"
2026-03-19 22:30:15.000,BUY,Up,0.45,1.81818,0,"Bitcoin Up or Down - March 19, 6:30PM-6:35PM ET"
2026-03-19 22:30:15.000,BUY,Up,0.45,1.81818,0,"Bitcoin Up or Down - March 19, 6:30PM-6:35PM ET"
2026-03-19 22:30:15.000,BUY,Up,0.45,5,0,"Bitcoin Up or Down - March 19, 6:30PM-6:35PM ET"
2026-03-19 22:30:13.000,BUY,Down,0.53,54.68,0,"Bitcoin Up or Down - March 19, 6:30PM-6:35PM ET"
2026-03-19 22:30:13.000,BUY,Down,0.5300000130553757,15.31936,0,"Bitcoin Up or Down - March 19, 6:30PM-6:35PM ET"
2026-03-19 22:30:11.000,BUY,Up,0.45,34.53,0,"Bitcoin Up or Down - March 19, 6:30PM-6:35PM ET"
2026-03-19 22:30:11.000,BUY,Up,0.45,1.81818,0,"Bitcoin Up or Down - March 19, 6:30PM-6:35PM ET"
2026-03-19 22:30:11.000,BUY,Down,0.54,9.3,0,"Bitcoin Up or Down - March 19, 6:30PM-6:35PM ET"
2026-03-19 22:30:11.000,BUY,Down,0.52,70,0,"Bitcoin Up or Down - March 19, 6:30PM-6:35PM ET"
2026-03-19 22:30:09.000,BUY,Down,0.55,70,0,"Bitcoin Up or Down - March 19, 6:30PM-6:35PM ET"
2026-03-19 22:30:09.000,BUY,Up,0.45,5,0,"Bitcoin Up or Down - March 19, 6:30PM-6:35PM ET"
2026-03-19 22:30:09.000,BUY,Down,0.54,60.7,0,"Bitcoin Up or Down - March 19, 6:30PM-6:35PM ET"
2026-03-19 22:30:01.000,BUY,Up,0.06,6.75,0,"Bitcoin Up or Down - March 19, 6:25PM-6:30PM ET"
2026-03-19 22:30:01.000,BUY,Up,0.08000000096215457,41.573362,0,"Ethereum Up or Down - March 19, 6:25PM-6:30PM ET"
2026-03-19 22:30:01.000,BUY,Up,0.09,50,0,"Ethereum Up or Down - March 19, 6:25PM-6:30PM ET"
2026-03-19 22:30:01.000,BUY,Up,0.06,34.13,0,"Bitcoin Up or Down - March 19, 6:25PM-6:30PM ET"
2026-03-19 22:30:01.000,BUY,Down,0.91,0.09,0,"Bitcoin Up or Down - March 19, 6:25PM-6:30PM ET"
2026-03-19 22:29:59.000,BUY,Up,0.06,24.12,0,"Bitcoin Up or Down - March 19, 6:25PM-6:30PM ET"
2026-03-19 22:29:59.000,BUY,Up,0.06,5,0,"Bitcoin Up or Down - March 19, 6:25PM-6:30PM ET"
2026-03-19 22:29:59.000,BUY,Down,0.8900000186949231,43.327271,0,"Ethereum Up or Down - March 19, 6:25PM-6:30PM ET"
2026-03-19 22:29:59.000,BUY,Down,0.9100000481132121,17.666665,0,"Bitcoin Up or Down - March 19, 6:25PM-6:30PM ET"
2026-03-19 22:29:59.000,BUY,Up,0.08,1.96,0,"Ethereum Up or Down - March 19, 6:25PM-6:30PM ET"
2026-03-19 22:29:59.000,BUY,Up,0.08,3.22825,0,"Ethereum Up or Down - March 19, 6:25PM-6:30PM ET"
2026-03-19 22:29:59.000,BUY,Up,0.08,3.22825,0,"Ethereum Up or Down - March 19, 6:25PM-6:30PM ET"
2026-03-19 22:29:59.000,BUY,Down,0.89,6.67,0,"Ethereum Up or Down - March 19, 6:25PM-6:30PM ET"
2026-03-19 22:29:57.000,BUY,Down,0.54,5,0,"Bitcoin Up or Down - March 19, 6:25PM-6:30PM ET"
2026-03-19 22:29:57.000,BUY,Down,0.54,5,0,"Bitcoin Up or Down - March 19, 6:25PM-6:30PM ET"
2026-03-19 22:29:57.000,BUY,Up,0.58,64.15393,0,"Bitcoin Up or Down - March 19, 6:25PM-6:30PM ET"
2026-03-19 22:29:55.000,BUY,Down,0.4,8.2,0,"Bitcoin Up or Down - March 19, 6:25PM-6:30PM ET"
2026-03-19 22:29:53.000,BUY,Up,0.54,70,0,"Bitcoin Up or Down - March 19, 6:25PM-6:30PM ET"
2026-03-19 22:29:53.000,BUY,Up,0.57,50,0,"Bitcoin Up or Down - March 19, 6:25PM-6:30PM ET"
2026-03-19 22:29:51.000,BUY,Down,0.560000033523815,9.545453,0,"Bitcoin Up or Down - March 19, 6:25PM-6:30PM ET"
2026-03-19 22:29:51.000,BUY,Down,0.560000074366237,3.227271,0,"Bitcoin Up or Down - March 19, 6:25PM-6:30PM ET"
2026-03-19 22:29:51.000,BUY,Down,0.5600000352000042,11.363635,0,"Bitcoin Up or Down - March 19, 6:25PM-6:30PM ET"
2026-03-19 22:29:51.000,BUY,Up,0.4242842857142857,68.95584,0,"Bitcoin Up or Down - March 19, 6:25PM-6:30PM ET"
2026-03-19 22:29:51.000,BUY,Down,0.57,1.79,0,"Bitcoin Up or Down - March 19, 6:25PM-6:30PM ET"
2026-03-19 22:29:41.000,BUY,Down,0.61,3.07,0,"Bitcoin Up or Down - March 19, 6:25PM-6:30PM ET"
2026-03-19 22:29:39.000,BUY,Down,0.5800001764001023,2.380951,0,"Bitcoin Up or Down - March 19, 6:25PM-6:30PM ET"
2026-03-19 22:29:35.000,BUY,Down,0.57,68.94871,0,"Bitcoin Up or Down - March 19, 6:25PM-6:30PM ET"
2026-03-19 22:29:35.000,BUY,Down,0.55,70,0,"Bitcoin Up or Down - March 19, 6:25PM-6:30PM ET"
2026-03-19 22:29:35.000,BUY,Up,0.45,68.92802,0,"Bitcoin Up or Down - March 19, 6:25PM-6:30PM ET"
2026-03-19 22:29:35.000,BUY,Down,0.56,2.6,0,"Bitcoin Up or Down - March 19, 6:25PM-6:30PM ET"
2026-03-19 22:29:35.000,BUY,Down,0.5600001936001084,2.272726,0,"Bitcoin Up or Down - March 19, 6:25PM-6:30PM ET"
2026-03-19 22:29:35.000,BUY,Down,0.54,13.87,0,"Bitcoin Up or Down - March 19, 6:25PM-6:30PM ET"
2026-03-19 22:29:35.000,BUY,Down,0.5400000597740204,7.695651,0,"Bitcoin Up or Down - March 19, 6:25PM-6:30PM ET"
2026-03-19 22:29:35.000,BUY,Up,0.45,68.92802,0,"Bitcoin Up or Down - March 19, 6:25PM-6:30PM ET"
2026-03-19 22:29:03.000,BUY,Down,0.55,68.92802,0,"Bitcoin Up or Down - March 19, 6:25PM-6:30PM ET"
2026-03-19 22:28:57.000,BUY,Down,0.11,25.93771,0,"Ethereum Up or Down - March 19, 6:25PM-6:30PM ET"
2026-03-19 22:28:47.000,BUY,Up,0.45,32.26816,0,"Bitcoin Up or Down - March 19, 6:25PM-6:30PM ET"
2026-03-19 22:28:47.000,BUY,Up,0.46,68.92021,0,"Bitcoin Up or Down - March 19, 6:25PM-6:30PM ET"
2026-03-19 22:28:47.000,BUY,Up,0.88,36,0,"Ethereum Up or Down - March 19, 6:25PM-6:30PM ET"
2026-03-19 22:28:45.000,,,0,559.381247,0,"Bitcoin Up or Down - March 19, 6:25PM-6:30PM ET"
2026-03-19 22:28:33.000,BUY,Down,0.52,30.27107,0,"Bitcoin Up or Down - March 19, 6:25PM-6:30PM ET"
2026-03-19 22:28:33.000,BUY,Down,0.5200000872727908,2.291665,0,"Bitcoin Up or Down - March 19, 6:25PM-6:30PM ET"
2026-03-19 22:28:33.000,BUY,Down,0.5368585714285714,68.91811,0,"Bitcoin Up or Down - March 19, 6:25PM-6:30PM ET"
2026-03-19 22:28:33.000,BUY,Down,0.52,6,0,"Bitcoin Up or Down - March 19, 6:25PM-6:30PM ET"
2026-03-19 22:28:33.000,BUY,Down,0.52,5,0,"Bitcoin Up or Down - March 19, 6:25PM-6:30PM ET"
2026-03-19 22:28:33.000,BUY,Down,0.52,5,0,"Bitcoin Up or Down - March 19, 6:25PM-6:30PM ET"
2026-03-19 22:28:33.000,BUY,Down,0.53,68.91412,0,"Bitcoin Up or Down - March 19, 6:25PM-6:30PM ET"
2026-03-19 22:28:33.000,BUY,Down,0.5200001728001106,2.083332,0,"Bitcoin Up or Down - March 19, 6:25PM-6:30PM ET"
2026-03-19 22:28:33.000,BUY,Down,0.52,18.86,0,"Bitcoin Up or Down - March 19, 6:25PM-6:30PM ET"
2026-03-19 22:28:31.000,BUY,Up,0.83,25,0,"Ethereum Up or Down - March 19, 6:25PM-6:30PM ET"
2026-03-19 22:28:31.000,BUY,Down,0.52,68.90975,0,"Bitcoin Up or Down - March 19, 6:25PM-6:30PM ET"
2026-03-19 22:28:25.000,BUY,Up,0.43,10.13,0,"Bitcoin Up or Down - March 19, 6:25PM-6:30PM ET"
2026-03-19 22:28:25.000,BUY,Up,0.43,5,0,"Bitcoin Up or Down - March 19, 6:25PM-6:30PM ET"
2026-03-19 22:28:25.000,BUY,Up,0.43000002734849047,6.947367,0,"Bitcoin Up or Down - March 19, 6:25PM-6:30PM ET"
2026-03-19 22:28:23.000,BUY,Up,0.4300000117918163,30.529648,0,"Bitcoin Up or Down - March 19, 6:25PM-6:30PM ET"
2026-03-19 22:28:19.000,BUY,Up,0.26,40,0,"Bitcoin Up or Down - March 19, 6:25PM-6:30PM ET"
2026-03-19 22:28:19.000,BUY,Up,0.26,7,0,"Bitcoin Up or Down - March 19, 6:25PM-6:30PM ET"
2026-03-19 22:28:19.000,BUY,Up,0.26,15.85193,0,"Bitcoin Up or Down - March 19, 6:25PM-6:30PM ET"
2026-03-19 22:28:05.000,BUY,Up,0.33000000465277934,8.597012,0,"Bitcoin Up or Down - March 19, 6:25PM-6:30PM ET"
2026-03-19 22:28:05.000,BUY,Up,0.3300000375200129,7.462684,0,"Bitcoin Up or Down - March 19, 6:25PM-6:30PM ET"
2026-03-19 22:28:05.000,BUY,Up,0.33000007909732276,2.149251,0,"Bitcoin Up or Down - March 19, 6:25PM-6:30PM ET"
2026-03-19 22:28:03.000,BUY,Up,0.33,6,0,"Bitcoin Up or Down - March 19, 6:25PM-6:30PM ET"
2026-03-19 22:28:03.000,BUY,Up,0.3300005884611181,0.356863,0,"Bitcoin Up or Down - March 19, 6:25PM-6:30PM ET"
2026-03-19 22:27:57.000,BUY,Up,0.34,70,0,"Bitcoin Up or Down - March 19, 6:25PM-6:30PM ET"
2026-03-19 22:27:41.000,BUY,Down,0.55,68.92802,0,"Bitcoin Up or Down - March 19, 6:25PM-6:30PM ET"
2026-03-19 22:27:41.000,BUY,Down,0.55,68.92802,0,"Bitcoin Up or Down - March 19, 6:25PM-6:30PM ET"
2026-03-19 22:27:11.000,BUY,Up,0.447,49.23621,0,"Ethereum Up or Down - March 19, 6:25PM-6:30PM ET"
2026-03-19 22:27:11.000,BUY,Down,0.54,1.39,0,"Bitcoin Up or Down - March 19, 6:25PM-6:30PM ET"
2026-03-19 22:27:11.000,BUY,Down,0.52,11.625,0,"Bitcoin Up or Down - March 19, 6:25PM-6:30PM ET"
2026-03-19 22:26:59.000,BUY,Down,0.39,9.85851,0,"Bitcoin Up or Down - March 19, 6:25PM-6:30PM ET"
2026-03-19 22:26:33.000,BUY,Up,0.5800000621838662,3.859522,0,"Bitcoin Up or Down - March 19, 6:25PM-6:30PM ET"
2026-03-19 22:26:23.000,BUY,Down,0.3500000812501253,1.846151,0,"Ethereum Up or Down - March 19, 6:25PM-6:30PM ET"
2026-03-19 22:26:21.000,BUY,Down,0.3,69.22825,0,"Bitcoin Up or Down - March 19, 6:25PM-6:30PM ET"
2026-03-19 22:26:13.000,BUY,Up,0.63,19.26471,0,"Bitcoin Up or Down - March 19, 6:25PM-6:30PM ET"
2026-03-19 22:26:05.000,BUY,Up,0.6100000702000155,6.410255,0,"Ethereum Up or Down - March 19, 6:25PM-6:30PM ET"
2026-03-19 22:25:53.000,BUY,Up,0.6,16.1,0,"Bitcoin Up or Down - March 19, 6:25PM-6:30PM ET"
2026-03-19 22:25:53.000,BUY,Up,0.6,3,0,"Bitcoin Up or Down - March 19, 6:25PM-6:30PM ET"
2026-03-19 22:25:53.000,BUY,Up,0.6,3.13,0,"Bitcoin Up or Down - March 19, 6:25PM-6:30PM ET"
2026-03-19 22:25:53.000,BUY,Up,0.6,12.5,0,"Bitcoin Up or Down - March 19, 6:25PM-6:30PM ET"
2026-03-19 22:25:53.000,BUY,Up,0.6,15.503490000000001,0,"Bitcoin Up or Down - March 19, 6:25PM-6:30PM ET"
2026-03-19 22:25:53.000,BUY,Up,0.6,68.992,0,"Bitcoin Up or Down - March 19, 6:25PM-6:30PM ET"
2026-03-19 22:25:53.000,BUY,Down,0.41,1.2,0,"Bitcoin Up or Down - March 19, 6:25PM-6:30PM ET"
2026-03-19 22:25:53.000,BUY,Down,0.41000000116281077,68.798812,0,"Bitcoin Up or Down - March 19, 6:25PM-6:30PM ET"
2026-03-19 22:25:53.000,BUY,Down,0.42,30,0,"Bitcoin Up or Down - March 19, 6:25PM-6:30PM ET"
2026-03-19 22:25:53.000,BUY,Up,0.58,68.96154,0,"Bitcoin Up or Down - March 19, 6:25PM-6:30PM ET"
2026-03-19 22:25:53.000,BUY,Down,0.42,40,0,"Bitcoin Up or Down - March 19, 6:25PM-6:30PM ET"
2026-03-19 22:25:53.000,BUY,Up,0.57185,68.95096,0,"Bitcoin Up or Down - March 19, 6:25PM-6:30PM ET"
2026-03-19 22:25:51.000,BUY,Up,0.56,24.62055,0,"Ethereum Up or Down - March 19, 6:25PM-6:30PM ET"
2026-03-19 22:25:51.000,BUY,Down,0.46,32.49096,0,"Ethereum Up or Down - March 19, 6:25PM-6:30PM ET"
2026-03-19 22:25:45.000,BUY,Up,0.65,69.09427,0,"Bitcoin Up or Down - March 19, 6:25PM-6:30PM ET"
2026-03-19 22:25:31.000,BUY,Down,0.4,16.7552,0,"Ethereum Up or Down - March 19, 6:25PM-6:30PM ET"
2026-03-19 22:25:11.000,BUY,Down,0.42,68.96154,0,"Bitcoin Up or Down - March 19, 6:25PM-6:30PM ET"
2026-03-19 22:23:55.000,BUY,Up,0.02,25.28,0,"Ethereum Up or Down - March 19, 6:20PM-6:25PM ET"
2026-03-19 22:23:53.000,BUY,Up,0.02,14.7122,0,"Ethereum Up or Down - March 19, 6:20PM-6:25PM ET"
2026-03-19 22:23:53.000,BUY,Up,0.02,10,0,"Ethereum Up or Down - March 19, 6:20PM-6:25PM ET"
2026-03-19 22:23:49.000,BUY,Up,0.03,45,0,"Ethereum Up or Down - March 19, 6:20PM-6:25PM ET"
2026-03-19 22:23:49.000,BUY,Up,0.03,5,0,"Ethereum Up or Down - March 19, 6:20PM-6:25PM ET"
2026-03-19 22:23:47.000,BUY,Up,0.03,2.91,0,"Ethereum Up or Down - March 19, 6:20PM-6:25PM ET"
2026-03-19 22:23:45.000,BUY,Up,0.03,5,0,"Ethereum Up or Down - March 19, 6:20PM-6:25PM ET"
2026-03-19 22:23:45.000,BUY,Up,0.03,5,0,"Ethereum Up or Down - March 19, 6:20PM-6:25PM ET"
2026-03-19 22:23:45.000,BUY,Up,0.03,22.09,0,"Ethereum Up or Down - March 19, 6:20PM-6:25PM ET"
2026-03-19 22:23:45.000,BUY,Up,0.03,5,0,"Ethereum Up or Down - March 19, 6:20PM-6:25PM ET"
2026-03-19 22:23:45.000,BUY,Up,0.03,5,0,"Ethereum Up or Down - March 19, 6:20PM-6:25PM ET"
2026-03-19 22:23:45.000,BUY,Up,0.03,5,0,"Ethereum Up or Down - March 19, 6:20PM-6:25PM ET"
2026-03-19 22:23:25.000,BUY,Up,0.08,62.23,0,"Bitcoin Up or Down - March 19, 6:20PM-6:25PM ET"
2026-03-19 22:23:25.000,BUY,Up,0.06,5.2,0,"Bitcoin Up or Down - March 19, 6:20PM-6:25PM ET"
2026-03-19 22:23:25.000,BUY,Up,0.06,11.64,0,"Bitcoin Up or Down - March 19, 6:20PM-6:25PM ET"
2026-03-19 22:23:25.000,BUY,Up,0.06,10,0,"Bitcoin Up or Down - March 19, 6:20PM-6:25PM ET"
2026-03-19 22:23:25.000,BUY,Up,0.07,70,0,"Bitcoin Up or Down - March 19, 6:20PM-6:25PM ET"
2026-03-19 22:23:23.000,BUY,Down,0.9,70,0,"Bitcoin Up or Down - March 19, 6:20PM-6:25PM ET"
2026-03-19 22:23:23.000,BUY,Up,0.08000000973547024,4.108687,0,"Bitcoin Up or Down - March 19, 6:20PM-6:25PM ET"
2026-03-19 22:23:23.000,BUY,Up,0.08000001650224926,2.423912,0,"Bitcoin Up or Down - March 19, 6:20PM-6:25PM ET"
2026-03-19 22:23:23.000,BUY,Up,0.08,1.22825,0,"Bitcoin Up or Down - March 19, 6:20PM-6:25PM ET"
2026-03-19 22:23:21.000,BUY,Up,0.08,70,0,"Bitcoin Up or Down - March 19, 6:20PM-6:25PM ET"
2026-03-19 22:23:17.000,BUY,Up,0.09,10,0,"Bitcoin Up or Down - March 19, 6:20PM-6:25PM ET"
2026-03-19 22:23:17.000,BUY,Up,0.09000000703608786,8.527466,0,"Bitcoin Up or Down - March 19, 6:20PM-6:25PM ET"
2026-03-19 22:23:17.000,BUY,Up,0.09,2.1978,0,"Bitcoin Up or Down - March 19, 6:20PM-6:25PM ET"
2026-03-19 22:23:17.000,BUY,Up,0.09,10,0,"Bitcoin Up or Down - March 19, 6:20PM-6:25PM ET"
2026-03-19 22:23:17.000,BUY,Up,0.09,19.98,0,"Bitcoin Up or Down - March 19, 6:20PM-6:25PM ET"
2026-03-19 22:23:17.000,BUY,Up,0.09,2.1978,0,"Bitcoin Up or Down - March 19, 6:20PM-6:25PM ET"
2026-03-19 22:23:17.000,BUY,Up,0.09,1.0989,0,"Bitcoin Up or Down - March 19, 6:20PM-6:25PM ET"
2026-03-19 22:23:17.000,BUY,Up,0.09,5,0,"Bitcoin Up or Down - March 19, 6:20PM-6:25PM ET"
2026-03-19 22:23:17.000,BUY,Up,0.09,10.989,0,"Bitcoin Up or Down - March 19, 6:20PM-6:25PM ET"
2026-03-19 22:23:15.000,,,0,564.53054,0,"Bitcoin Up or Down - March 19, 6:20PM-6:25PM ET"
2026-03-19 22:23:07.000,,,0,451.748418,0,"Bitcoin Up or Down - March 19, 6:15PM-6:20PM ET"
2026-03-19 22:23:07.000,,,0,389.470458,0,"Ethereum Up or Down - March 19, 6:15PM-6:20PM ET"
2026-03-19 22:23:07.000,,,0,128.473248,0,"Ethereum Up or Down - March 19, 6:10PM-6:15PM ET"
2026-03-19 22:23:07.000,,,0,759.224654,0,"Bitcoin Up or Down - March 19, 6:05PM-6:10PM ET"
2026-03-19 22:23:07.000,,,0,185.12235,0,"Ethereum Up or Down - March 19, 6:05PM-6:10PM ET"
2026-03-19 22:23:05.000,BUY,Up,0.15,23.34,0,"Bitcoin Up or Down - March 19, 6:20PM-6:25PM ET"
2026-03-19 22:23:05.000,BUY,Up,0.15,11.7647,0,"Bitcoin Up or Down - March 19, 6:20PM-6:25PM ET"
2026-03-19 22:23:05.000,BUY,Up,0.15000000425000104,23.529406,0,"Bitcoin Up or Down - March 19, 6:20PM-6:25PM ET"
2026-03-19 22:23:05.000,BUY,Up,0.15,5.68,0,"Bitcoin Up or Down - March 19, 6:20PM-6:25PM ET"
2026-03-19 22:23:05.000,BUY,Up,0.15,5.68,0,"Bitcoin Up or Down - March 19, 6:20PM-6:25PM ET"
2026-03-19 22:23:03.000,BUY,Down,0.8900000968000116,9.090908,0,"Ethereum Up or Down - March 19, 6:20PM-6:25PM ET"
2026-03-19 22:23:03.000,BUY,Down,0.8900000968000116,9.090908,0,"Ethereum Up or Down - March 19, 6:20PM-6:25PM ET"
2026-03-19 22:23:01.000,BUY,Down,0.8900000968000116,9.090908,0,"Ethereum Up or Down - March 19, 6:20PM-6:25PM ET"
2026-03-19 22:22:57.000,BUY,Down,0.8900000968000116,9.090908,0,"Ethereum Up or Down - March 19, 6:20PM-6:25PM ET"
2026-03-19 22:22:53.000,BUY,Down,0.8100000304339594,24.972104,0,"Bitcoin Up or Down - March 19, 6:20PM-6:25PM ET"
2026-03-19 22:22:53.000,BUY,Down,0.8100000430666713,15.789472,0,"Bitcoin Up or Down - March 19, 6:20PM-6:25PM ET"
2026-03-19 22:22:53.000,BUY,Down,0.8100001216000438,5.263156,0,"Bitcoin Up or Down - March 19, 6:20PM-6:25PM ET"
2026-03-19 22:22:53.000,BUY,Down,0.81,23.96,0,"Bitcoin Up or Down - March 19, 6:20PM-6:25PM ET"
2026-03-19 22:22:49.000,BUY,Down,0.89,4.29,0,"Ethereum Up or Down - March 19, 6:20PM-6:25PM ET"
2026-03-19 22:22:45.000,BUY,Down,0.81,70,0,"Bitcoin Up or Down - March 19, 6:20PM-6:25PM ET"
2026-03-19 22:22:45.000,BUY,Down,0.89,50,0,"Ethereum Up or Down - March 19, 6:20PM-6:25PM ET"
2026-03-19 22:22:41.000,BUY,Down,0.81,70,0,"Bitcoin Up or Down - March 19, 6:20PM-6:25PM ET"
2026-03-19 22:22:41.000,BUY,Down,0.89,50,0,"Ethereum Up or Down - March 19, 6:20PM-6:25PM ET"
2026-03-19 22:22:35.000,BUY,Down,0.8,45.25,0,"Bitcoin Up or Down - March 19, 6:20PM-6:25PM ET"
2026-03-19 22:22:35.000,BUY,Down,0.8,24.75,0,"Bitcoin Up or Down - March 19, 6:20PM-6:25PM ET"
2026-03-19 22:22:33.000,BUY,Up,0.16,35.93698,0,"Bitcoin Up or Down - March 19, 6:20PM-6:25PM ET"
2026-03-19 22:22:27.000,BUY,Up,0.14,52,0,"Bitcoin Up or Down - March 19, 6:20PM-6:25PM ET"
2026-03-19 22:22:27.000,BUY,Up,0.14,18,0,"Bitcoin Up or Down - March 19, 6:20PM-6:25PM ET"
2026-03-19 22:22:21.000,BUY,Up,0.15,2.23,0,"Bitcoin Up or Down - March 19, 6:20PM-6:25PM ET"
2026-03-19 22:22:19.000,BUY,Up,0.15,5.1,0,"Bitcoin Up or Down - March 19, 6:20PM-6:25PM ET"
2026-03-19 22:22:19.000,BUY,Up,0.15,2.35294,0,"Bitcoin Up or Down - March 19, 6:20PM-6:25PM ET"
2026-03-19 22:22:19.000,BUY,Up,0.1500000850003315,1.176466,0,"Bitcoin Up or Down - March 19, 6:20PM-6:25PM ET"
2026-03-19 22:22:19.000,BUY,Up,0.15,2.39882,0,"Bitcoin Up or Down - March 19, 6:20PM-6:25PM ET"
2026-03-19 22:22:13.000,BUY,Down,0.8200000720000072,11.11111,0,"Bitcoin Up or Down - March 19, 6:20PM-6:25PM ET"
2026-03-19 22:22:13.000,BUY,Down,0.8200000129600004,55.555554,0,"Bitcoin Up or Down - March 19, 6:20PM-6:25PM ET"
2026-03-19 22:22:13.000,BUY,Down,0.82,3.32,0,"Bitcoin Up or Down - March 19, 6:20PM-6:25PM ET"
2026-03-19 22:22:11.000,BUY,Up,0.11,9.13806,0,"Ethereum Up or Down - March 19, 6:20PM-6:25PM ET"
2026-03-19 22:22:11.000,BUY,Up,0.17,69.65159,0,"Bitcoin Up or Down - March 19, 6:20PM-6:25PM ET"
2026-03-19 22:22:11.000,BUY,Up,0.15,56.499449999999996,0,"Bitcoin Up or Down - March 19, 6:20PM-6:25PM ET"
2026-03-19 22:22:11.000,BUY,Up,0.16,32.85098,0,"Bitcoin Up or Down - March 19, 6:20PM-6:25PM ET"
2026-03-19 22:22:11.000,BUY,Down,0.89,15,0,"Ethereum Up or Down - March 19, 6:20PM-6:25PM ET"
2026-03-19 22:22:11.000,BUY,Down,0.89,8.84,0,"Ethereum Up or Down - March 19, 6:20PM-6:25PM ET"
2026-03-19 22:22:11.000,BUY,Up,0.16000000336000167,11.904756,0,"Bitcoin Up or Down - March 19, 6:20PM-6:25PM ET"
2026-03-19 22:22:09.000,BUY,Up,0.19,28.09,0,"Bitcoin Up or Down - March 19, 6:20PM-6:25PM ET"
2026-03-19 22:22:09.000,BUY,Up,0.19,41.91,0,"Bitcoin Up or Down - March 19, 6:20PM-6:25PM ET"
2026-03-19 22:21:41.000,BUY,Up,0.31,19.56364,0,"Ethereum Up or Down - March 19, 6:20PM-6:25PM ET"
2026-03-19 22:21:37.000,BUY,Up,0.23,48.61579,0,"Ethereum Up or Down - March 19, 6:20PM-6:25PM ET"
2026-03-19 22:21:37.000,BUY,Up,0.22,10,0,"Ethereum Up or Down - March 19, 6:20PM-6:25PM ET"
2026-03-19 22:21:37.000,BUY,Up,0.22,4.9632,0,"Ethereum Up or Down - March 19, 6:20PM-6:25PM ET"
2026-03-19 22:21:37.000,BUY,Up,0.21,11.08,0,"Ethereum Up or Down - March 19, 6:20PM-6:25PM ET"
2026-03-19 22:21:19.000,BUY,Down,0.71,5.17457,0,"Ethereum Up or Down - March 19, 6:20PM-6:25PM ET"
2026-03-19 22:21:19.000,BUY,Down,0.5800000733981167,2.452379,0,"Ethereum Up or Down - March 19, 6:20PM-6:25PM ET"
2026-03-19 22:21:13.000,BUY,Down,0.64,69.07103,0,"Bitcoin Up or Down - March 19, 6:20PM-6:25PM ET"
2026-03-19 22:21:07.000,BUY,Down,0.610000006915637,47.717947,0,"Bitcoin Up or Down - March 19, 6:20PM-6:25PM ET"
2026-03-19 22:21:05.000,BUY,Down,0.58,0.35466,0,"Bitcoin Up or Down - March 19, 6:20PM-6:25PM ET"
2026-03-19 22:20:49.000,BUY,Up,0.45,6.62,0,"Bitcoin Up or Down - March 19, 6:20PM-6:25PM ET"
2026-03-19 22:20:49.000,BUY,Up,0.45,41,0,"Bitcoin Up or Down - March 19, 6:20PM-6:25PM ET"
2026-03-19 22:20:49.000,BUY,Up,0.45,1.82,0,"Bitcoin Up or Down - March 19, 6:20PM-6:25PM ET"
2026-03-19 22:20:49.000,BUY,Up,0.45000004296876345,4.654544,0,"Bitcoin Up or Down - March 19, 6:20PM-6:25PM ET"
2026-03-19 22:20:49.000,BUY,Up,0.4500001294118104,3.090908,0,"Bitcoin Up or Down - March 19, 6:20PM-6:25PM ET"
2026-03-19 22:20:49.000,BUY,Up,0.45,8,0,"Bitcoin Up or Down - March 19, 6:20PM-6:25PM ET"
2026-03-19 22:20:49.000,BUY,Up,0.45,4.8,0,"Bitcoin Up or Down - March 19, 6:20PM-6:25PM ET"
2026-03-19 22:20:49.000,BUY,Down,0.47000005105505266,8.226414,0,"Ethereum Up or Down - March 19, 6:20PM-6:25PM ET"
2026-03-19 22:20:49.000,BUY,Down,0.47000004946667856,5.660376,0,"Ethereum Up or Down - March 19, 6:20PM-6:25PM ET"
2026-03-19 22:20:47.000,BUY,Down,0.4700000621787984,6.754714,0,"Ethereum Up or Down - March 19, 6:20PM-6:25PM ET"
2026-03-19 22:20:47.000,BUY,Down,0.47000001691489907,5.320753,0,"Ethereum Up or Down - March 19, 6:20PM-6:25PM ET"
2026-03-19 22:20:47.000,BUY,Down,0.47,50,0,"Ethereum Up or Down - March 19, 6:20PM-6:25PM ET"
2026-03-19 22:20:47.000,BUY,Up,0.51,22.44404,0,"Ethereum Up or Down - March 19, 6:20PM-6:25PM ET"
2026-03-19 22:20:47.000,BUY,Up,0.5,21.67594,0,"Ethereum Up or Down - March 19, 6:20PM-6:25PM ET"
2026-03-19 22:20:47.000,BUY,Up,0.3575141242937853,43.66634,0,"Bitcoin Up or Down - March 19, 6:20PM-6:25PM ET"
2026-03-19 22:20:47.000,BUY,Up,0.37,5,0,"Bitcoin Up or Down - March 19, 6:20PM-6:25PM ET"
2026-03-19 22:20:47.000,BUY,Up,0.37,15.78266,0,"Bitcoin Up or Down - March 19, 6:20PM-6:25PM ET"
2026-03-19 22:20:35.000,BUY,Down,0.63,19.85,0,"Bitcoin Up or Down - March 19, 6:20PM-6:25PM ET"
2026-03-19 22:20:35.000,BUY,Down,0.63,0.15,0,"Bitcoin Up or Down - March 19, 6:20PM-6:25PM ET"
2026-03-19 22:20:35.000,BUY,Down,0.63,5,0,"Bitcoin Up or Down - March 19, 6:20PM-6:25PM ET"
2026-03-19 22:20:35.000,BUY,Down,0.63,5,0,"Bitcoin Up or Down - March 19, 6:20PM-6:25PM ET"
2026-03-19 22:20:35.000,BUY,Down,0.63,40,0,"Bitcoin Up or Down - March 19, 6:20PM-6:25PM ET"
2026-03-19 22:20:33.000,BUY,Up,0.44,15.75715,0,"Ethereum Up or Down - March 19, 6:20PM-6:25PM ET"
2026-03-19 22:20:31.000,BUY,Down,0.58,5.75,0,"Ethereum Up or Down - March 19, 6:20PM-6:25PM ET"
2026-03-19 22:20:31.000,BUY,Down,0.5900001316514547,2.658535,0,"Ethereum Up or Down - March 19, 6:20PM-6:25PM ET"
2026-03-19 22:20:31.000,BUY,Down,0.5800001967568419,2.642856,0,"Ethereum Up or Down - March 19, 6:20PM-6:25PM ET"
2026-03-19 22:20:29.000,BUY,Down,0.4,4.928,0,"Ethereum Up or Down - March 19, 6:20PM-6:25PM ET"
2026-03-19 22:20:25.000,BUY,Up,0.58,10,0,"Ethereum Up or Down - March 19, 6:20PM-6:25PM ET"
2026-03-19 22:20:25.000,BUY,Up,0.56,2.71811,0,"Ethereum Up or Down - March 19, 6:20PM-6:25PM ET"
2026-03-19 22:20:17.000,BUY,Down,0.39,27.52496,0,"Ethereum Up or Down - March 19, 6:20PM-6:25PM ET"
2026-03-19 22:20:17.000,BUY,Down,0.46,22.81259,0,"Bitcoin Up or Down - March 19, 6:20PM-6:25PM ET"
2026-03-19 22:20:17.000,BUY,Down,0.46,5,0,"Bitcoin Up or Down - March 19, 6:20PM-6:25PM ET"
2026-03-19 22:20:09.000,BUY,Down,0.49,28.48,0,"Bitcoin Up or Down - March 19, 6:20PM-6:25PM ET"
2026-03-19 22:20:09.000,BUY,Down,0.49,40.871770000000005,0,"Bitcoin Up or Down - March 19, 6:20PM-6:25PM ET"
2026-03-19 22:20:07.000,BUY,Down,0.44,21.87,0,"Bitcoin Up or Down - March 19, 6:15PM-6:20PM ET"
2026-03-19 22:20:05.000,BUY,Down,0.43,2.92,0,"Bitcoin Up or Down - March 19, 6:15PM-6:20PM ET"
2026-03-19 22:20:05.000,BUY,Down,0.41000000288508576,27.728812,0,"Bitcoin Up or Down - March 19, 6:15PM-6:20PM ET"
2026-03-19 22:20:01.000,BUY,Down,0.43,2.96,0,"Bitcoin Up or Down - March 19, 6:15PM-6:20PM ET"
2026-03-19 22:20:01.000,BUY,Down,0.41,10.47,0,"Bitcoin Up or Down - March 19, 6:15PM-6:20PM ET"
2026-03-19 22:20:01.000,BUY,Down,0.42,2.92,0,"Bitcoin Up or Down - March 19, 6:15PM-6:20PM ET"
2026-03-19 22:20:01.000,BUY,Down,0.41,10,0,"Bitcoin Up or Down - March 19, 6:15PM-6:20PM ET"
2026-03-19 22:20:01.000,BUY,Down,0.41,2.99,0,"Bitcoin Up or Down - March 19, 6:15PM-6:20PM ET"
2026-03-19 22:19:59.000,BUY,Up,0.39,3.28,0,"Bitcoin Up or Down - March 19, 6:15PM-6:20PM ET"
2026-03-19 22:19:59.000,BUY,Down,0.44,2.96,0,"Bitcoin Up or Down - March 19, 6:15PM-6:20PM ET"
2026-03-19 22:19:59.000,BUY,Up,0.39,1.79,0,"Bitcoin Up or Down - March 19, 6:15PM-6:20PM ET"
2026-03-19 22:19:59.000,BUY,Down,0.41,4.31,0,"Bitcoin Up or Down - March 19, 6:15PM-6:20PM ET"
2026-03-19 22:19:59.000,BUY,Down,0.43,2.96,0,"Bitcoin Up or Down - March 19, 6:15PM-6:20PM ET"
2026-03-19 22:19:59.000,BUY,Down,0.510000021120707,2.367345,0,"Bitcoin Up or Down - March 19, 6:15PM-6:20PM ET"
2026-03-19 22:19:57.000,BUY,Up,0.54,70,0,"Bitcoin Up or Down - March 19, 6:15PM-6:20PM ET"
2026-03-19 22:19:57.000,BUY,Down,0.44,5,0,"Bitcoin Up or Down - March 19, 6:15PM-6:20PM ET"
2026-03-19 22:19:57.000,BUY,Up,0.57,68.94871,0,"Bitcoin Up or Down - March 19, 6:15PM-6:20PM ET"
2026-03-19 22:19:57.000,BUY,Down,0.43,2.44,0,"Bitcoin Up or Down - March 19, 6:15PM-6:20PM ET"
2026-03-19 22:19:57.000,BUY,Up,0.41,17.95,0,"Bitcoin Up or Down - March 19, 6:15PM-6:20PM ET"
2026-03-19 22:19:57.000,BUY,Down,0.43,2.96,0,"Bitcoin Up or Down - March 19, 6:15PM-6:20PM ET"
2026-03-19 22:19:57.000,BUY,Down,0.4,2.96,0,"Bitcoin Up or Down - March 19, 6:15PM-6:20PM ET"
2026-03-19 22:19:57.000,BUY,Up,0.19000001241062797,12.086415,0,"Bitcoin Up or Down - March 19, 6:15PM-6:20PM ET"
2026-03-19 22:19:57.000,BUY,Down,0.43,20.1,0,"Bitcoin Up or Down - March 19, 6:15PM-6:20PM ET"
2026-03-19 22:19:57.000,BUY,Down,0.43,5.42,0,"Bitcoin Up or Down - March 19, 6:15PM-6:20PM ET"
2026-03-19 22:19:57.000,BUY,Down,0.510000009569024,30.306121,0,"Bitcoin Up or Down - March 19, 6:15PM-6:20PM ET"
2026-03-19 22:19:57.000,BUY,Down,0.5100000090740753,13.224488,0,"Bitcoin Up or Down - March 19, 6:15PM-6:20PM ET"
2026-03-19 22:19:55.000,BUY,Down,0.42,2.96,0,"Bitcoin Up or Down - March 19, 6:15PM-6:20PM ET"
2026-03-19 22:19:55.000,BUY,Down,0.39,2.96,0,"Bitcoin Up or Down - March 19, 6:15PM-6:20PM ET"
2026-03-19 22:19:55.000,BUY,Down,0.42,2.96,0,"Bitcoin Up or Down - March 19, 6:15PM-6:20PM ET"
2026-03-19 22:19:55.000,BUY,Down,0.39,2.92,0,"Bitcoin Up or Down - March 19, 6:15PM-6:20PM ET"
2026-03-19 22:19:55.000,BUY,Down,0.42,2.92,0,"Bitcoin Up or Down - March 19, 6:15PM-6:20PM ET"
2026-03-19 22:19:55.000,BUY,Down,0.43,2.96,0,"Bitcoin Up or Down - March 19, 6:15PM-6:20PM ET"
2026-03-19 22:19:55.000,BUY,Down,0.43,5,0,"Bitcoin Up or Down - March 19, 6:15PM-6:20PM ET"
2026-03-19 22:19:55.000,BUY,Down,0.44,2.96,0,"Bitcoin Up or Down - March 19, 6:15PM-6:20PM ET"
2026-03-19 22:19:55.000,BUY,Down,0.44,2.96,0,"Bitcoin Up or Down - March 19, 6:15PM-6:20PM ET"
2026-03-19 22:19:55.000,BUY,Down,0.43,2.92,0,"Bitcoin Up or Down - March 19, 6:15PM-6:20PM ET"
2026-03-19 22:19:55.000,BUY,Down,0.43,2.92,0,"Bitcoin Up or Down - March 19, 6:15PM-6:20PM ET"
2026-03-19 22:19:55.000,BUY,Down,0.42,2.92,0,"Bitcoin Up or Down - March 19, 6:15PM-6:20PM ET"
2026-03-19 22:19:55.000,BUY,Down,0.42,0.77,0,"Bitcoin Up or Down - March 19, 6:15PM-6:20PM ET"
2026-03-19 22:19:55.000,BUY,Down,0.42,2.96,0,"Bitcoin Up or Down - March 19, 6:15PM-6:20PM ET"
2026-03-19 22:19:55.000,BUY,Down,0.42,2.96,0,"Bitcoin Up or Down - March 19, 6:15PM-6:20PM ET"
2026-03-19 22:19:55.000,BUY,Down,0.42,48.63,0,"Bitcoin Up or Down - March 19, 6:15PM-6:20PM ET"
2026-03-19 22:19:55.000,BUY,Down,0.41,2.96,0,"Bitcoin Up or Down - March 19, 6:15PM-6:20PM ET"
2026-03-19 22:19:55.000,BUY,Down,0.41,2.92,0,"Bitcoin Up or Down - March 19, 6:15PM-6:20PM ET"
2026-03-19 22:19:55.000,BUY,Down,0.41000003701195115,6.754575,0,"Bitcoin Up or Down - March 19, 6:15PM-6:20PM ET"
2026-03-19 22:19:55.000,BUY,Down,0.41,1.86,0,"Bitcoin Up or Down - March 19, 6:15PM-6:20PM ET"
2026-03-19 22:19:55.000,BUY,Up,0.56,55.86,0,"Bitcoin Up or Down - March 19, 6:15PM-6:20PM ET"
2026-03-19 22:19:55.000,BUY,Down,0.44,2.96,0,"Bitcoin Up or Down - March 19, 6:15PM-6:20PM ET"
2026-03-19 22:19:55.000,BUY,Up,0.56,68.93753,0,"Bitcoin Up or Down - March 19, 6:15PM-6:20PM ET"
2026-03-19 22:19:55.000,BUY,Down,0.44,2.96,0,"Bitcoin Up or Down - March 19, 6:15PM-6:20PM ET"
2026-03-19 22:19:55.000,BUY,Down,0.4400000746667065,5.35714,0,"Bitcoin Up or Down - March 19, 6:15PM-6:20PM ET"
2026-03-19 22:19:55.000,BUY,Down,0.43,2.96,0,"Bitcoin Up or Down - March 19, 6:15PM-6:20PM ET"
2026-03-19 22:19:55.000,BUY,Down,0.43,2.96,0,"Bitcoin Up or Down - March 19, 6:15PM-6:20PM ET"
2026-03-19 22:19:55.000,BUY,Down,0.43,2.92,0,"Bitcoin Up or Down - March 19, 6:15PM-6:20PM ET"
2026-03-19 22:19:55.000,BUY,Down,0.43,2.92,0,"Bitcoin Up or Down - March 19, 6:15PM-6:20PM ET"
2026-03-19 22:19:55.000,BUY,Down,0.4300001767002986,1.754383,0,"Bitcoin Up or Down - March 19, 6:15PM-6:20PM ET"
2026-03-19 22:19:55.000,BUY,Down,0.43,2.92,0,"Bitcoin Up or Down - March 19, 6:15PM-6:20PM ET"
2026-03-19 22:19:55.000,BUY,Up,0.6,6.682370000000001,0,"Bitcoin Up or Down - March 19, 6:15PM-6:20PM ET"
2026-03-19 22:19:51.000,BUY,Up,0.39,12.09,0,"Bitcoin Up or Down - March 19, 6:15PM-6:20PM ET"
2026-03-19 22:19:51.000,BUY,Up,0.39,5,0,"Bitcoin Up or Down - March 19, 6:15PM-6:20PM ET"
2026-03-19 22:19:49.000,BUY,Up,0.97,10,0,"Ethereum Up or Down - March 19, 6:15PM-6:20PM ET"
2026-03-19 22:19:49.000,BUY,Up,0.12000000352000104,11.363633,0,"Bitcoin Up or Down - March 19, 6:15PM-6:20PM ET"
2026-03-19 22:19:47.000,BUY,Up,0.95,0.72959,0,"Ethereum Up or Down - March 19, 6:15PM-6:20PM ET"
2026-03-19 22:19:47.000,BUY,Up,0.1,69.85825,0,"Bitcoin Up or Down - March 19, 6:15PM-6:20PM ET"
2026-03-19 22:19:45.000,BUY,Up,0.09,70,0,"Bitcoin Up or Down - March 19, 6:15PM-6:20PM ET"
2026-03-19 22:19:43.000,BUY,Up,0.1,69.85825,0,"Bitcoin Up or Down - March 19, 6:15PM-6:20PM ET"
2026-03-19 22:19:43.000,BUY,Down,0.9100000207151276,41.515554,0,"Bitcoin Up or Down - March 19, 6:15PM-6:20PM ET"
2026-03-19 22:19:43.000,BUY,Up,0.060000003760011265,5.319133,0,"Bitcoin Up or Down - March 19, 6:15PM-6:20PM ET"
2026-03-19 22:19:43.000,BUY,Down,0.91,10.12,0,"Bitcoin Up or Down - March 19, 6:15PM-6:20PM ET"
2026-03-19 22:19:43.000,BUY,Up,0.9,10.5,0,"Ethereum Up or Down - March 19, 6:15PM-6:20PM ET"
2026-03-19 22:19:43.000,BUY,Up,0.9,10.5,0,"Ethereum Up or Down - March 19, 6:15PM-6:20PM ET"
2026-03-19 22:19:43.000,BUY,Down,0.91,8.08,0,"Bitcoin Up or Down - March 19, 6:15PM-6:20PM ET"
2026-03-19 22:19:43.000,BUY,Down,0.91,10.28,0,"Bitcoin Up or Down - March 19, 6:15PM-6:20PM ET"
2026-03-19 22:19:41.000,BUY,Up,0.66,10.0716,0,"Ethereum Up or Down - March 19, 6:15PM-6:20PM ET"
2026-03-19 22:19:41.000,BUY,Up,0.79,2.7807399999999998,0,"Ethereum Up or Down - March 19, 6:15PM-6:20PM ET"
2026-03-19 22:19:41.000,BUY,Up,0.68,4.94082,0,"Ethereum Up or Down - March 19, 6:15PM-6:20PM ET"
2026-03-19 22:19:37.000,BUY,Up,0.53,6.87173,0,"Ethereum Up or Down - March 19, 6:15PM-6:20PM ET"
2026-03-19 22:19:33.000,BUY,Up,0.46504159314343335,39.05621,0,"Ethereum Up or Down - March 19, 6:15PM-6:20PM ET"
2026-03-19 22:19:33.000,BUY,Up,0.5100000902632205,2.326529,0,"Ethereum Up or Down - March 19, 6:15PM-6:20PM ET"
2026-03-19 22:19:33.000,BUY,Up,0.51,10.1392,0,"Ethereum Up or Down - March 19, 6:15PM-6:20PM ET"
2026-03-19 22:19:33.000,BUY,Up,0.5100000078525665,6.367345,0,"Ethereum Up or Down - March 19, 6:15PM-6:20PM ET"
2026-03-19 22:19:31.000,BUY,Up,0.42,50,0,"Ethereum Up or Down - March 19, 6:15PM-6:20PM ET"
2026-03-19 22:19:27.000,BUY,Up,0.4,2.4344400000000004,0,"Ethereum Up or Down - March 19, 6:15PM-6:20PM ET"
2026-03-19 22:19:27.000,BUY,Down,0.6,50,0,"Ethereum Up or Down - March 19, 6:15PM-6:20PM ET"
2026-03-19 22:19:27.000,BUY,Down,0.93,70,0,"Bitcoin Up or Down - March 19, 6:15PM-6:20PM ET"
2026-03-19 22:19:25.000,BUY,Up,0.32000001224431196,16.334115,0,"Ethereum Up or Down - March 19, 6:15PM-6:20PM ET"
2026-03-19 22:19:23.000,BUY,Up,0.20344,49.67174,0,"Ethereum Up or Down - March 19, 6:15PM-6:20PM ET"
2026-03-19 22:19:19.000,BUY,Up,0.04,41.66665,0,"Bitcoin Up or Down - March 19, 6:15PM-6:20PM ET"
2026-03-19 22:19:19.000,BUY,Up,0.04,10,0,"Bitcoin Up or Down - March 19, 6:15PM-6:20PM ET"
2026-03-19 22:19:15.000,,,0,508.071184,0,"Bitcoin Up or Down - March 19, 6:15PM-6:20PM ET"
2026-03-19 22:19:07.000,BUY,Up,0.06,62.93,0,"Bitcoin Up or Down - March 19, 6:15PM-6:20PM ET"
2026-03-19 22:19:07.000,BUY,Up,0.060000037600487305,1.063816,0,"Bitcoin Up or Down - March 19, 6:15PM-6:20PM ET"
2026-03-19 22:19:05.000,BUY,Up,0.06,6,0,"Bitcoin Up or Down - March 19, 6:15PM-6:20PM ET"
2026-03-19 22:19:03.000,BUY,Up,0.07,21.06,0,"Bitcoin Up or Down - March 19, 6:15PM-6:20PM ET"
2026-03-19 22:18:55.000,BUY,Up,0.08,5.434775,0,"Bitcoin Up or Down - March 19, 6:15PM-6:20PM ET"
2026-03-19 22:18:55.000,BUY,Up,0.08,16.739125,0,"Bitcoin Up or Down - March 19, 6:15PM-6:20PM ET"
2026-03-19 22:18:53.000,BUY,Down,0.86,15.64,0,"Ethereum Up or Down - March 19, 6:15PM-6:20PM ET"
2026-03-19 22:18:53.000,BUY,Down,0.86,5,0,"Ethereum Up or Down - March 19, 6:15PM-6:20PM ET"
2026-03-19 22:18:53.000,BUY,Down,0.86,20,0,"Ethereum Up or Down - March 19, 6:15PM-6:20PM ET"
2026-03-19 22:18:53.000,BUY,Down,0.8600000790839851,9.357141,0,"Ethereum Up or Down - March 19, 6:15PM-6:20PM ET"
2026-03-19 22:18:49.000,BUY,Down,0.9,6.89,0,"Bitcoin Up or Down - March 19, 6:15PM-6:20PM ET"
2026-03-19 22:18:43.000,BUY,Up,0.05,50,0,"Ethereum Up or Down - March 19, 6:15PM-6:20PM ET"
2026-03-19 22:18:41.000,BUY,Up,0.09,9.47,0,"Bitcoin Up or Down - March 19, 6:15PM-6:20PM ET"
2026-03-19 22:18:41.000,BUY,Up,0.09,25.1,0,"Bitcoin Up or Down - March 19, 6:15PM-6:20PM ET"
2026-03-19 22:18:41.000,BUY,Up,0.08,25.40565,0,"Bitcoin Up or Down - March 19, 6:15PM-6:20PM ET"
2026-03-19 22:18:41.000,BUY,Up,0.08,44.59,0,"Bitcoin Up or Down - March 19, 6:15PM-6:20PM ET"
2026-03-19 22:18:37.000,BUY,Down,0.89,5,0,"Bitcoin Up or Down - March 19, 6:15PM-6:20PM ET"
2026-03-19 22:18:35.000,BUY,Down,0.89,3.33,0,"Bitcoin Up or Down - March 19, 6:15PM-6:20PM ET"
2026-03-19 22:18:33.000,BUY,Down,0.8900000258600183,30.549089,0,"Bitcoin Up or Down - March 19, 6:15PM-6:20PM ET"
2026-03-19 22:18:31.000,BUY,Down,0.9,69.85825,0,"Bitcoin Up or Down - March 19, 6:15PM-6:20PM ET"
2026-03-19 22:18:31.000,BUY,Down,0.88,70,0,"Bitcoin Up or Down - March 19, 6:15PM-6:20PM ET"
2026-03-19 22:18:31.000,BUY,Down,0.89,70,0,"Bitcoin Up or Down - March 19, 6:15PM-6:20PM ET"
2026-03-19 22:18:31.000,BUY,Down,0.9,70,0,"Bitcoin Up or Down - March 19, 6:15PM-6:20PM ET"
2026-03-19 22:18:27.000,BUY,Up,0.07,70,0,"Bitcoin Up or Down - March 19, 6:15PM-6:20PM ET"
2026-03-19 22:18:27.000,BUY,Up,0.08,70,0,"Bitcoin Up or Down - March 19, 6:15PM-6:20PM ET"
2026-03-19 22:18:23.000,BUY,Down,0.89,70,0,"Bitcoin Up or Down - March 19, 6:15PM-6:20PM ET"
2026-03-19 22:18:15.000,BUY,Up,0.08,70,0,"Bitcoin Up or Down - March 19, 6:15PM-6:20PM ET"
2026-03-19 22:18:15.000,,,0,514.922326,0,"Bitcoin Up or Down - March 19, 6:15PM-6:20PM ET"
2026-03-19 22:18:15.000,BUY,Down,0.89,70,0,"Bitcoin Up or Down - March 19, 6:15PM-6:20PM ET"
2026-03-19 22:18:11.000,BUY,Up,0.09,70,0,"Bitcoin Up or Down - March 19, 6:15PM-6:20PM ET"
2026-03-19 22:18:07.000,BUY,Down,0.8700000200264608,42.443845,0,"Bitcoin Up or Down - March 19, 6:15PM-6:20PM ET"
2026-03-19 22:17:59.000,BUY,Down,0.88,70,0,"Bitcoin Up or Down - March 19, 6:15PM-6:20PM ET"
2026-03-19 22:17:51.000,BUY,Down,0.8900000125251175,67.863635,0,"Bitcoin Up or Down - March 19, 6:15PM-6:20PM ET"
2026-03-19 22:17:49.000,BUY,Up,0.07,38.13,0,"Bitcoin Up or Down - March 19, 6:15PM-6:20PM ET"
2026-03-19 22:17:49.000,BUY,Down,0.89,2.13,0,"Bitcoin Up or Down - March 19, 6:15PM-6:20PM ET"
2026-03-19 22:17:47.000,BUY,Up,0.07000001777071162,1.688171,0,"Bitcoin Up or Down - March 19, 6:15PM-6:20PM ET"
2026-03-19 22:17:47.000,BUY,Up,0.07000001116000433,5.376342,0,"Bitcoin Up or Down - March 19, 6:15PM-6:20PM ET"
2026-03-19 22:17:47.000,BUY,Up,0.07,10,0,"Bitcoin Up or Down - March 19, 6:15PM-6:20PM ET"
2026-03-19 22:17:47.000,BUY,Up,0.07,10,0,"Bitcoin Up or Down - March 19, 6:15PM-6:20PM ET"
2026-03-19 22:17:41.000,BUY,Up,0.08,23.09,0,"Bitcoin Up or Down - March 19, 6:15PM-6:20PM ET"
2026-03-19 22:17:37.000,BUY,Up,0.08,70,0,"Bitcoin Up or Down - March 19, 6:15PM-6:20PM ET"
2026-03-19 22:17:35.000,BUY,Up,0.09,60.11,0,"Bitcoin Up or Down - March 19, 6:15PM-6:20PM ET"
2026-03-19 22:17:33.000,BUY,Up,0.11,70,0,"Bitcoin Up or Down - March 19, 6:15PM-6:20PM ET"
2026-03-19 22:17:33.000,BUY,Up,0.1,7.95,0,"Bitcoin Up or Down - March 19, 6:15PM-6:20PM ET"
2026-03-19 22:17:31.000,BUY,Up,0.11,9.85,0,"Bitcoin Up or Down - March 19, 6:15PM-6:20PM ET"
2026-03-19 22:17:31.000,BUY,Up,0.11,60.15,0,"Bitcoin Up or Down - March 19, 6:15PM-6:20PM ET"
2026-03-19 22:17:25.000,BUY,Up,0.12,14.48,0,"Bitcoin Up or Down - March 19, 6:15PM-6:20PM ET"
2026-03-19 22:17:21.000,BUY,Up,0.1200000072057362,11.102266,0,"Bitcoin Up or Down - March 19, 6:15PM-6:20PM ET"
2026-03-19 22:17:21.000,BUY,Down,0.86,50,0,"Ethereum Up or Down - March 19, 6:15PM-6:20PM ET"
2026-03-19 22:17:21.000,BUY,Up,0.12000000117333337,34.090908,0,"Bitcoin Up or Down - March 19, 6:15PM-6:20PM ET"
2026-03-19 22:17:21.000,BUY,Up,0.12000001530436752,5.227266,0,"Bitcoin Up or Down - March 19, 6:15PM-6:20PM ET"
2026-03-19 22:17:21.000,BUY,Up,0.12,5.08,0,"Bitcoin Up or Down - March 19, 6:15PM-6:20PM ET"
2026-03-19 22:17:17.000,BUY,Up,0.12,11.328339999999999,0,"Ethereum Up or Down - March 19, 6:15PM-6:20PM ET"
2026-03-19 22:17:13.000,BUY,Up,0.1,70,0,"Bitcoin Up or Down - March 19, 6:15PM-6:20PM ET"
2026-03-19 22:17:11.000,BUY,Up,0.11,46.98,0,"Bitcoin Up or Down - March 19, 6:15PM-6:20PM ET"
2026-03-19 22:17:11.000,BUY,Up,0.11,5.1,0,"Bitcoin Up or Down - March 19, 6:15PM-6:20PM ET"
2026-03-19 22:17:11.000,BUY,Up,0.11,3.16,0,"Bitcoin Up or Down - March 19, 6:15PM-6:20PM ET"
2026-03-19 22:17:11.000,BUY,Up,0.11,2,0,"Bitcoin Up or Down - March 19, 6:15PM-6:20PM ET"
2026-03-19 22:17:11.000,BUY,Up,0.11000001424001402,5.617972,0,"Bitcoin Up or Down - March 19, 6:15PM-6:20PM ET"
2026-03-19 22:17:11.000,BUY,Up,0.11000000420472704,7.134827,0,"Bitcoin Up or Down - March 19, 6:15PM-6:20PM ET"
2026-03-19 22:17:11.000,BUY,Up,0.11,23.9425,0,"Ethereum Up or Down - March 19, 6:15PM-6:20PM ET"
2026-03-19 22:17:07.000,BUY,Up,0.11000000177962047,16.857527,0,"Bitcoin Up or Down - March 19, 6:15PM-6:20PM ET"
2026-03-19 22:17:07.000,BUY,Up,0.11,11.2,0,"Bitcoin Up or Down - March 19, 6:15PM-6:20PM ET"
2026-03-19 22:17:05.000,BUY,Up,0.11000000190749726,41.939772,0,"Bitcoin Up or Down - March 19, 6:15PM-6:20PM ET"
2026-03-19 22:16:59.000,BUY,Up,0.18,6.71324,0,"Bitcoin Up or Down - March 19, 6:15PM-6:20PM ET"
2026-03-19 22:16:59.000,BUY,Up,0.43,9.84982,0,"Ethereum Up or Down - March 19, 6:15PM-6:20PM ET"
2026-03-19 22:16:35.000,BUY,Up,0.46000000516096223,11.625739,0,"Ethereum Up or Down - March 19, 6:15PM-6:20PM ET"
2026-03-19 22:16:07.000,BUY,Down,0.67,6,0,"Bitcoin Up or Down - March 19, 6:15PM-6:20PM ET"
2026-03-19 22:16:07.000,BUY,Down,0.67,6,0,"Bitcoin Up or Down - March 19, 6:15PM-6:20PM ET"
2026-03-19 22:16:07.000,BUY,Down,0.67,16.97,0,"Bitcoin Up or Down - March 19, 6:15PM-6:20PM ET"
2026-03-19 22:16:07.000,BUY,Down,0.6700000505923444,8.696968,0,"Bitcoin Up or Down - March 19, 6:15PM-6:20PM ET"
2026-03-19 22:16:07.000,BUY,Down,0.67,8.57,0,"Bitcoin Up or Down - March 19, 6:15PM-6:20PM ET"
2026-03-19 22:15:47.000,BUY,Down,0.33,40.2915,0,"Ethereum Up or Down - March 19, 6:15PM-6:20PM ET"
2026-03-19 22:15:47.000,BUY,Down,0.35,49.35305,0,"Ethereum Up or Down - March 19, 6:15PM-6:20PM ET"
2026-03-19 22:15:45.000,BUY,Up,0.65,50,0,"Ethereum Up or Down - March 19, 6:15PM-6:20PM ET"
2026-03-19 22:15:35.000,BUY,Up,0.52,10,0,"Bitcoin Up or Down - March 19, 6:15PM-6:20PM ET"
2026-03-19 22:15:27.000,BUY,Up,0.49,14.70675,0,"Bitcoin Up or Down - March 19, 6:15PM-6:20PM ET"
2026-03-19 22:15:21.000,BUY,Down,0.57,70,0,"Bitcoin Up or Down - March 19, 6:15PM-6:20PM ET"
2026-03-19 22:15:17.000,BUY,Down,0.61,70,0,"Bitcoin Up or Down - March 19, 6:15PM-6:20PM ET"
2026-03-19 22:15:17.000,BUY,Down,0.62,70,0,"Bitcoin Up or Down - March 19, 6:15PM-6:20PM ET"
2026-03-19 22:15:13.000,BUY,Down,0.568402,49.24772,0,"Ethereum Up or Down - March 19, 6:15PM-6:20PM ET"
2026-03-19 22:15:11.000,BUY,Down,0.7100000404791694,16.551723,0,"Bitcoin Up or Down - March 19, 6:15PM-6:20PM ET"
2026-03-19 22:15:11.000,BUY,Down,0.71,7.14,0,"Bitcoin Up or Down - March 19, 6:15PM-6:20PM ET"
2026-03-19 22:15:11.000,BUY,Down,0.71,25,0,"Bitcoin Up or Down - March 19, 6:15PM-6:20PM ET"
2026-03-19 22:15:09.000,BUY,Down,0.72,45,0,"Bitcoin Up or Down - March 19, 6:15PM-6:20PM ET"
2026-03-19 22:15:09.000,BUY,Down,0.69,25,0,"Bitcoin Up or Down - March 19, 6:15PM-6:20PM ET"
2026-03-19 22:14:57.000,BUY,Up,0.97,47,0,"Ethereum Up or Down - March 19, 6:10PM-6:15PM ET"
2026-03-19 22:14:57.000,BUY,Up,0.97,3,0,"Ethereum Up or Down - March 19, 6:10PM-6:15PM ET"
2026-03-19 22:14:55.000,BUY,Down,0.03,25,0,"Ethereum Up or Down - March 19, 6:10PM-6:15PM ET"
2026-03-19 22:14:55.000,BUY,Down,0.02,15.15305,0,"Ethereum Up or Down - March 19, 6:10PM-6:15PM ET"
2026-03-19 22:14:45.000,,,0,522.315071,0,"Bitcoin Up or Down - March 19, 6:10PM-6:15PM ET"
2026-03-19 22:14:27.000,BUY,Down,0.02,50,0,"Ethereum Up or Down - March 19, 6:10PM-6:15PM ET"
2026-03-19 22:14:27.000,BUY,Down,0.02,69.99328,0,"Bitcoin Up or Down - March 19, 6:10PM-6:15PM ET"
2026-03-19 22:14:27.000,BUY,Down,0.02,20.40815,0,"Ethereum Up or Down - March 19, 6:10PM-6:15PM ET"
2026-03-19 22:14:25.000,BUY,Down,0.02,70,0,"Bitcoin Up or Down - March 19, 6:10PM-6:15PM ET"
2026-03-19 22:14:23.000,BUY,Down,0.03,5.9,0,"Bitcoin Up or Down - March 19, 6:10PM-6:15PM ET"
2026-03-19 22:14:21.000,BUY,Down,0.03,10,0,"Ethereum Up or Down - March 19, 6:10PM-6:15PM ET"
2026-03-19 22:14:21.000,BUY,Down,0.03,40,0,"Ethereum Up or Down - March 19, 6:10PM-6:15PM ET"
2026-03-19 22:14:21.000,BUY,Down,0.03,13.01,0,"Bitcoin Up or Down - March 19, 6:10PM-6:15PM ET"
2026-03-19 22:14:21.000,BUY,Down,0.030000018476330895,1.082466,0,"Bitcoin Up or Down - March 19, 6:10PM-6:15PM ET"
2026-03-19 22:14:21.000,BUY,Down,0.03,50,0,"Bitcoin Up or Down - March 19, 6:10PM-6:15PM ET"
2026-03-19 22:14:21.000,BUY,Down,0.03,69.98519,0,"Bitcoin Up or Down - March 19, 6:10PM-6:15PM ET"
2026-03-19 22:14:19.000,BUY,Down,0.04,5.47,0,"Bitcoin Up or Down - March 19, 6:10PM-6:15PM ET"
2026-03-19 22:14:19.000,BUY,Down,0.04,50,0,"Bitcoin Up or Down - March 19, 6:10PM-6:15PM ET"
2026-03-19 22:14:19.000,BUY,Down,0.04,14.520825,0,"Bitcoin Up or Down - March 19, 6:10PM-6:15PM ET"
2026-03-19 22:14:19.000,BUY,Down,0.04,70,0,"Bitcoin Up or Down - March 19, 6:10PM-6:15PM ET"
2026-03-19 22:14:17.000,BUY,Down,0.04,4.83,0,"Ethereum Up or Down - March 19, 6:10PM-6:15PM ET"
2026-03-19 22:14:17.000,BUY,Down,0.04,40.16665,0,"Ethereum Up or Down - March 19, 6:10PM-6:15PM ET"
2026-03-19 22:14:15.000,BUY,Down,0.04,4.99816,0,"Ethereum Up or Down - March 19, 6:10PM-6:15PM ET"
2026-03-19 22:14:15.000,BUY,Down,0.05,62.29,0,"Bitcoin Up or Down - March 19, 6:10PM-6:15PM ET"
2026-03-19 22:14:15.000,BUY,Down,0.05,7.7063,0,"Bitcoin Up or Down - March 19, 6:10PM-6:15PM ET"
2026-03-19 22:14:11.000,BUY,Down,0.04,14.25,0,"Ethereum Up or Down - March 19, 6:10PM-6:15PM ET"
2026-03-19 22:14:11.000,BUY,Down,0.04,3.864575,0,"Ethereum Up or Down - March 19, 6:10PM-6:15PM ET"
2026-03-19 22:14:11.000,BUY,Down,0.04,10.41665,0,"Ethereum Up or Down - March 19, 6:10PM-6:15PM ET"
2026-03-19 22:14:09.000,BUY,Down,0.04,0.21,0,"Ethereum Up or Down - March 19, 6:10PM-6:15PM ET"
2026-03-19 22:14:09.000,BUY,Down,0.04,7.07,0,"Ethereum Up or Down - March 19, 6:10PM-6:15PM ET"
2026-03-19 22:14:09.000,BUY,Down,0.04,3.125,0,"Ethereum Up or Down - March 19, 6:10PM-6:15PM ET"
2026-03-19 22:14:09.000,BUY,Down,0.04,1.04165,0,"Ethereum Up or Down - March 19, 6:10PM-6:15PM ET"
2026-03-19 22:14:09.000,BUY,Down,0.04,10,0,"Ethereum Up or Down - March 19, 6:10PM-6:15PM ET"
2026-03-19 22:14:27.000,BUY,Down,0.02,69.99328,0,"Bitcoin Up or Down - March 19, 6:10PM-6:15PM ET"
2026-03-19 22:14:27.000,BUY,Down,0.02,20.40815,0,"Ethereum Up or Down - March 19, 6:10PM-6:15PM ET"
2026-03-19 22:14:25.000,BUY,Down,0.02,70,0,"Bitcoin Up or Down - March 19, 6:10PM-6:15PM ET"
2026-03-19 22:14:23.000,BUY,Down,0.03,5.9,0,"Bitcoin Up or Down - March 19, 6:10PM-6:15PM ET"
2026-03-19 22:14:21.000,BUY,Down,0.03,10,0,"Ethereum Up or Down - March 19, 6:10PM-6:15PM ET"
2026-03-19 22:14:21.000,BUY,Down,0.03,40,0,"Ethereum Up or Down - March 19, 6:10PM-6:15PM ET"
2026-03-19 22:14:21.000,BUY,Down,0.03,13.01,0,"Bitcoin Up or Down - March 19, 6:10PM-6:15PM ET"
2026-03-19 22:14:21.000,BUY,Down,0.030000018476330895,1.082466,0,"Bitcoin Up or Down - March 19, 6:10PM-6:15PM ET"
2026-03-19 22:14:21.000,BUY,Down,0.03,50,0,"Bitcoin Up or Down - March 19, 6:10PM-6:15PM ET"
2026-03-19 22:14:21.000,BUY,Down,0.03,69.98519,0,"Bitcoin Up or Down - March 19, 6:10PM-6:15PM ET"
2026-03-19 22:14:19.000,BUY,Down,0.04,5.47,0,"Bitcoin Up or Down - March 19, 6:10PM-6:15PM ET"
2026-03-19 22:14:19.000,BUY,Down,0.04,50,0,"Bitcoin Up or Down - March 19, 6:10PM-6:15PM ET"
2026-03-19 22:14:19.000,BUY,Down,0.04,14.520825,0,"Bitcoin Up or Down - March 19, 6:10PM-6:15PM ET"
2026-03-19 22:14:19.000,BUY,Down,0.04,70,0,"Bitcoin Up or Down - March 19, 6:10PM-6:15PM ET"
2026-03-19 22:14:17.000,BUY,Down,0.04,4.83,0,"Ethereum Up or Down - March 19, 6:10PM-6:15PM ET"
2026-03-19 22:14:17.000,BUY,Down,0.04,40.16665,0,"Ethereum Up or Down - March 19, 6:10PM-6:15PM ET"
2026-03-19 22:14:15.000,BUY,Down,0.04,4.99816,0,"Ethereum Up or Down - March 19, 6:10PM-6:15PM ET"
2026-03-19 22:14:15.000,BUY,Down,0.05,62.29,0,"Bitcoin Up or Down - March 19, 6:10PM-6:15PM ET"
2026-03-19 22:14:15.000,BUY,Down,0.05,7.7063,0,"Bitcoin Up or Down - March 19, 6:10PM-6:15PM ET"
2026-03-19 22:14:11.000,BUY,Down,0.04,14.25,0,"Ethereum Up or Down - March 19, 6:10PM-6:15PM ET"
2026-03-19 22:14:11.000,BUY,Down,0.04,3.864575,0,"Ethereum Up or Down - March 19, 6:10PM-6:15PM ET"
2026-03-19 22:14:11.000,BUY,Down,0.04,10.41665,0,"Ethereum Up or Down - March 19, 6:10PM-6:15PM ET"
2026-03-19 22:14:09.000,BUY,Down,0.04,0.21,0,"Ethereum Up or Down - March 19, 6:10PM-6:15PM ET"
2026-03-19 22:14:09.000,BUY,Down,0.04,7.07,0,"Ethereum Up or Down - March 19, 6:10PM-6:15PM ET"
2026-03-19 22:14:09.000,BUY,Down,0.04,3.125,0,"Ethereum Up or Down - March 19, 6:10PM-6:15PM ET"
2026-03-19 22:14:09.000,BUY,Down,0.04,1.04165,0,"Ethereum Up or Down - March 19, 6:10PM-6:15PM ET"
2026-03-19 22:14:09.000,BUY,Down,0.04,10,0,"Ethereum Up or Down - March 19, 6:10PM-6:15PM ET"
2026-03-19 22:14:09.000,BUY,Down,0.06,15.95,0,"Bitcoin Up or Down - March 19, 6:10PM-6:15PM ET"
2026-03-19 22:14:09.000,BUY,Down,0.06000000146076214,27.382966,0,"Bitcoin Up or Down - March 19, 6:10PM-6:15PM ET"
2026-03-19 22:14:09.000,BUY,Down,0.060000003760011265,5.319133,0,"Bitcoin Up or Down - March 19, 6:10PM-6:15PM ET"
2026-03-19 22:14:09.000,BUY,Down,0.06000000315966598,12.659566,0,"Bitcoin Up or Down - March 19, 6:10PM-6:15PM ET"
2026-03-19 22:14:09.000,BUY,Down,0.06,8.6731,0,"Bitcoin Up or Down - March 19, 6:10PM-6:15PM ET"
2026-03-19 22:14:09.000,BUY,Down,0.06,70,0,"Bitcoin Up or Down - March 19, 6:10PM-6:15PM ET"
2026-03-19 22:13:59.000,BUY,Up,0.79,70,0,"Bitcoin Up or Down - March 19, 6:10PM-6:15PM ET"
2026-03-19 22:13:59.000,BUY,Up,0.8,68.22058,0,"Bitcoin Up or Down - March 19, 6:10PM-6:15PM ET"
2026-03-19 22:13:53.000,BUY,Up,0.72,15,0,"Bitcoin Up or Down - March 19, 6:10PM-6:15PM ET"
2026-03-19 22:13:53.000,BUY,Up,0.8100001216000438,5.263156,0,"Ethereum Up or Down - March 19, 6:10PM-6:15PM ET"
2026-03-19 22:13:53.000,BUY,Up,0.72,1.68,0,"Bitcoin Up or Down - March 19, 6:10PM-6:15PM ET"
2026-03-19 22:13:53.000,BUY,Up,0.72,16,0,"Bitcoin Up or Down - March 19, 6:10PM-6:15PM ET"
2026-03-19 22:13:53.000,BUY,Up,0.77,11.02,0,"Ethereum Up or Down - March 19, 6:10PM-6:15PM ET"
2026-03-19 22:13:53.000,BUY,Up,0.71,4.34,0,"Bitcoin Up or Down - March 19, 6:10PM-6:15PM ET"
2026-03-19 22:13:53.000,BUY,Up,0.72,34.64438,0,"Bitcoin Up or Down - March 19, 6:10PM-6:15PM ET"
2026-03-19 22:13:53.000,BUY,Up,0.71,5,0,"Bitcoin Up or Down - March 19, 6:10PM-6:15PM ET"
2026-03-19 22:13:53.000,BUY,Up,0.71,10,0,"Bitcoin Up or Down - March 19, 6:10PM-6:15PM ET"
2026-03-19 22:13:53.000,BUY,Up,0.71,9,0,"Bitcoin Up or Down - March 19, 6:10PM-6:15PM ET"
2026-03-19 22:13:53.000,BUY,Up,0.71,10.37,0,"Bitcoin Up or Down - March 19, 6:10PM-6:15PM ET"
2026-03-19 22:13:53.000,BUY,Up,0.71,17.29,0,"Bitcoin Up or Down - March 19, 6:10PM-6:15PM ET"
2026-03-19 22:13:53.000,BUY,Up,0.7000001363636984,3.666665,0,"Bitcoin Up or Down - March 19, 6:10PM-6:15PM ET"
2026-03-19 22:13:51.000,BUY,Up,0.6894828571428572,69.19785,0,"Bitcoin Up or Down - March 19, 6:10PM-6:15PM ET"
2026-03-19 22:13:49.000,BUY,Up,0.55,11.51098,0,"Bitcoin Up or Down - March 19, 6:10PM-6:15PM ET"
2026-03-19 22:13:39.000,BUY,Up,0.520000019200003,10.416665,0,"Bitcoin Up or Down - March 19, 6:10PM-6:15PM ET"
2026-03-19 22:13:39.000,BUY,Up,0.53,13.78283,0,"Bitcoin Up or Down - March 19, 6:10PM-6:15PM ET"
2026-03-19 22:13:39.000,BUY,Up,0.5200001728001106,2.083332,0,"Ethereum Up or Down - March 19, 6:10PM-6:15PM ET"
2026-03-19 22:13:37.000,BUY,Up,0.49,14,0,"Bitcoin Up or Down - March 19, 6:10PM-6:15PM ET"
2026-03-19 22:13:29.000,BUY,Up,0.45,68.92802,0,"Bitcoin Up or Down - March 19, 6:10PM-6:15PM ET"
2026-03-19 22:13:13.000,BUY,Up,0.42,4,0,"Bitcoin Up or Down - March 19, 6:10PM-6:15PM ET"
2026-03-19 22:13:13.000,BUY,Up,0.42,20,0,"Bitcoin Up or Down - March 19, 6:10PM-6:15PM ET"
2026-03-19 22:13:13.000,BUY,Up,0.42,20,0,"Bitcoin Up or Down - March 19, 6:10PM-6:15PM ET"
2026-03-19 22:13:13.000,BUY,Up,0.42,12.87,0,"Bitcoin Up or Down - March 19, 6:10PM-6:15PM ET"
2026-03-19 22:13:13.000,BUY,Up,0.42,5,0,"Bitcoin Up or Down - March 19, 6:10PM-6:15PM ET"
2026-03-19 22:13:13.000,BUY,Up,0.4200000184127051,4.344826,0,"Bitcoin Up or Down - March 19, 6:10PM-6:15PM ET"
2026-03-19 22:13:11.000,BUY,Up,0.35,10.85768,0,"Ethereum Up or Down - March 19, 6:10PM-6:15PM ET"
2026-03-19 22:12:45.000,,,0,505.904018,0,"Bitcoin Up or Down - March 19, 6:10PM-6:15PM ET"
2026-03-19 22:12:45.000,BUY,Down,0.65,70,0,"Bitcoin Up or Down - March 19, 6:10PM-6:15PM ET"
2026-03-19 22:12:45.000,BUY,Down,0.66,70,0,"Bitcoin Up or Down - March 19, 6:10PM-6:15PM ET"
2026-03-19 22:12:33.000,BUY,Down,0.51,38.489560000000004,0,"Bitcoin Up or Down - March 19, 6:10PM-6:15PM ET"
2026-03-19 22:12:31.000,BUY,Up,0.5100000049000016,6.122447,0,"Bitcoin Up or Down - March 19, 6:10PM-6:15PM ET"
2026-03-19 22:12:31.000,BUY,Up,0.51,2.74,0,"Bitcoin Up or Down - March 19, 6:10PM-6:15PM ET"
2026-03-19 22:12:27.000,BUY,Up,0.4800001451163511,2.480768,0,"Bitcoin Up or Down - March 19, 6:10PM-6:15PM ET"
2026-03-19 22:12:27.000,BUY,Up,0.49,68.90713,0,"Bitcoin Up or Down - March 19, 6:10PM-6:15PM ET"
2026-03-19 22:12:23.000,BUY,Up,0.36,29.60187,0,"Bitcoin Up or Down - March 19, 6:10PM-6:15PM ET"
2026-03-19 22:12:03.000,BUY,Up,0.36,11.74208,0,"Bitcoin Up or Down - March 19, 6:10PM-6:15PM ET"
2026-03-19 22:11:51.000,BUY,Up,0.32,5,0,"Bitcoin Up or Down - March 19, 6:10PM-6:15PM ET"
2026-03-19 22:11:51.000,BUY,Up,0.33085714285714285,69.14226,0,"Bitcoin Up or Down - March 19, 6:10PM-6:15PM ET"
2026-03-19 22:11:37.000,BUY,Up,0.4,5.73,0,"Bitcoin Up or Down - March 19, 6:10PM-6:15PM ET"
2026-03-19 22:11:37.000,BUY,Down,0.5800001764001023,2.380951,0,"Bitcoin Up or Down - March 19, 6:10PM-6:15PM ET"
2026-03-19 22:11:37.000,BUY,Down,0.5800001764001023,2.380951,0,"Bitcoin Up or Down - March 19, 6:10PM-6:15PM ET"
2026-03-19 22:11:37.000,BUY,Down,0.5800001943588725,2.160951,0,"Bitcoin Up or Down - March 19, 6:10PM-6:15PM ET"
2026-03-19 22:11:37.000,BUY,Up,0.4,2.708665,0,"Bitcoin Up or Down - March 19, 6:10PM-6:15PM ET"
2026-03-19 22:11:01.000,BUY,Up,0.35,4.93531,0,"Bitcoin Up or Down - March 19, 6:10PM-6:15PM ET"
2026-03-19 22:11:01.000,BUY,Up,0.34,47.39574,0,"Bitcoin Up or Down - March 19, 6:10PM-6:15PM ET"
2026-03-19 22:11:01.000,BUY,Up,0.33,33.58448,0,"Bitcoin Up or Down - March 19, 6:10PM-6:15PM ET"
2026-03-19 22:10:57.000,BUY,Down,0.65,69.09427,0,"Bitcoin Up or Down - March 19, 6:10PM-6:15PM ET"
2026-03-19 22:10:57.000,BUY,Down,0.66,70,0,"Bitcoin Up or Down - March 19, 6:10PM-6:15PM ET"
2026-03-19 22:10:55.000,BUY,Down,0.65,8.281450000000001,0,"Bitcoin Up or Down - March 19, 6:10PM-6:15PM ET"
2026-03-19 22:10:53.000,BUY,Down,0.62,61.76,0,"Bitcoin Up or Down - March 19, 6:10PM-6:15PM ET"
2026-03-19 22:10:47.000,BUY,Down,0.64,70,0,"Bitcoin Up or Down - March 19, 6:10PM-6:15PM ET"
2026-03-19 22:10:45.000,BUY,Down,0.53,5.86755,0,"Ethereum Up or Down - March 19, 6:10PM-6:15PM ET"
2026-03-19 22:10:35.000,BUY,Down,0.6300004667585887,0.792701,0,"Bitcoin Up or Down - March 19, 6:10PM-6:15PM ET"
2026-03-19 22:10:35.000,BUY,Down,0.63,2.27,0,"Bitcoin Up or Down - March 19, 6:10PM-6:15PM ET"
2026-03-19 22:10:35.000,BUY,Down,0.63,43.47,0,"Bitcoin Up or Down - March 19, 6:10PM-6:15PM ET"
2026-03-19 22:10:35.000,BUY,Down,0.6300000325600037,13.513512,0,"Bitcoin Up or Down - March 19, 6:10PM-6:15PM ET"
2026-03-19 22:10:35.000,BUY,Down,0.63,5.5,0,"Bitcoin Up or Down - March 19, 6:10PM-6:15PM ET"
2026-03-19 22:10:35.000,BUY,Down,0.6300001060366196,4.432431,0,"Bitcoin Up or Down - March 19, 6:10PM-6:15PM ET"
2026-03-19 22:10:35.000,BUY,Down,0.62,5,0,"Bitcoin Up or Down - March 19, 6:10PM-6:15PM ET"
2026-03-19 22:10:35.000,BUY,Down,0.6200001791870531,3.236841,0,"Bitcoin Up or Down - March 19, 6:10PM-6:15PM ET"
2026-03-19 22:10:33.000,BUY,Down,0.59,3.8,0,"Bitcoin Up or Down - March 19, 6:10PM-6:15PM ET"
2026-03-19 22:10:23.000,BUY,Down,0.48,68.90975,0,"Bitcoin Up or Down - March 19, 6:10PM-6:15PM ET"
2026-03-19 22:10:21.000,BUY,Up,0.52,68.90975,0,"Bitcoin Up or Down - March 19, 6:10PM-6:15PM ET"
2026-03-19 22:10:17.000,BUY,Up,0.5,68.90625,0,"Bitcoin Up or Down - March 19, 6:10PM-6:15PM ET"
2026-03-19 22:10:17.000,BUY,Up,0.4800000166400028,9.615383,0,"Bitcoin Up or Down - March 19, 6:10PM-6:15PM ET"
2026-03-19 22:10:17.000,BUY,Up,0.49,2.52004,0,"Bitcoin Up or Down - March 19, 6:10PM-6:15PM ET"
2026-03-19 22:10:11.000,BUY,Down,0.46,68.92021,0,"Bitcoin Up or Down - March 19, 6:10PM-6:15PM ET"
2026-03-19 22:10:09.000,BUY,Up,0.53,68.91412,0,"Bitcoin Up or Down - March 19, 6:10PM-6:15PM ET"
2026-03-19 22:10:09.000,BUY,Up,0.57,49.24908,0,"Ethereum Up or Down - March 19, 6:10PM-6:15PM ET"
2026-03-19 22:09:47.000,BUY,Up,0.99,70,0,"Bitcoin Up or Down - March 19, 6:05PM-6:10PM ET"
2026-03-19 22:09:47.000,BUY,Up,0.99,70,0,"Bitcoin Up or Down - March 19, 6:05PM-6:10PM ET"
2026-03-19 22:09:47.000,BUY,Up,0.99,25.99,0,"Bitcoin Up or Down - March 19, 6:05PM-6:10PM ET"
2026-03-19 22:09:47.000,BUY,Up,0.99,70,0,"Bitcoin Up or Down - March 19, 6:05PM-6:10PM ET"
2026-03-19 22:09:47.000,BUY,Up,0.99,70,0,"Bitcoin Up or Down - March 19, 6:05PM-6:10PM ET"
2026-03-19 22:09:45.000,BUY,Up,0.99,70,0,"Bitcoin Up or Down - March 19, 6:05PM-6:10PM ET"
2026-03-19 22:09:45.000,BUY,Up,0.99,70,0,"Bitcoin Up or Down - March 19, 6:05PM-6:10PM ET"
2026-03-19 22:09:43.000,BUY,Up,0.97,33.4,0,"Bitcoin Up or Down - March 19, 6:05PM-6:10PM ET"
2026-03-19 22:09:43.000,BUY,Up,0.9700000259586495,36.596665,0,"Bitcoin Up or Down - March 19, 6:05PM-6:10PM ET"
2026-03-19 22:09:39.000,BUY,Up,0.95,43.97519,0,"Bitcoin Up or Down - March 19, 6:05PM-6:10PM ET"
2026-03-19 22:09:39.000,BUY,Up,0.96,69.9742,0,"Bitcoin Up or Down - March 19, 6:05PM-6:10PM ET"
2026-03-19 22:09:31.000,BUY,Down,0.03,54.73841,0,"Bitcoin Up or Down - March 19, 6:05PM-6:10PM ET"
2026-03-19 22:09:31.000,BUY,Down,0.05,69.96052,0,"Bitcoin Up or Down - March 19, 6:05PM-6:10PM ET"
2026-03-19 22:09:27.000,BUY,Down,0.03,64,0,"Bitcoin Up or Down - March 19, 6:05PM-6:10PM ET"
2026-03-19 22:09:25.000,BUY,Down,0.02,69.99328,0,"Bitcoin Up or Down - March 19, 6:05PM-6:10PM ET"
2026-03-19 22:09:25.000,BUY,Down,0.03,6,0,"Bitcoin Up or Down - March 19, 6:05PM-6:10PM ET"
2026-03-19 22:09:25.000,BUY,Down,0.03,69.98519,0,"Bitcoin Up or Down - March 19, 6:05PM-6:10PM ET"
2026-03-19 22:09:25.000,BUY,Down,0.03,69.98519,0,"Bitcoin Up or Down - March 19, 6:05PM-6:10PM ET"
2026-03-19 22:09:15.000,,,0,1181.006339,0,"Bitcoin Up or Down - March 19, 6:05PM-6:10PM ET"
2026-03-19 22:08:49.000,BUY,Up,0.93,70,0,"Bitcoin Up or Down - March 19, 6:05PM-6:10PM ET"
2026-03-19 22:08:47.000,BUY,Up,0.94,69.94434,0,"Bitcoin Up or Down - March 19, 6:05PM-6:10PM ET"
2026-03-19 22:08:43.000,BUY,Up,0.8600005704853982,1.297141,0,"Bitcoin Up or Down - March 19, 6:05PM-6:10PM ET"
2026-03-19 22:08:43.000,BUY,Down,0.1,1.5,0,"Bitcoin Up or Down - March 19, 6:05PM-6:10PM ET"
2026-03-19 22:08:43.000,BUY,Down,0.1,22.7,0,"Bitcoin Up or Down - March 19, 6:05PM-6:10PM ET"
2026-03-19 22:08:43.000,BUY,Down,0.1,8.5,0,"Bitcoin Up or Down - March 19, 6:05PM-6:10PM ET"
2026-03-19 22:08:43.000,BUY,Down,0.1,9.43333,0,"Bitcoin Up or Down - March 19, 6:05PM-6:10PM ET"
2026-03-19 22:08:43.000,BUY,Down,0.1,14.8,0,"Bitcoin Up or Down - March 19, 6:05PM-6:10PM ET"
2026-03-19 22:08:43.000,BUY,Down,0.1,3.26666,0,"Bitcoin Up or Down - March 19, 6:05PM-6:10PM ET"
2026-03-19 22:08:43.000,BUY,Down,0.1,9.78111,0,"Bitcoin Up or Down - March 19, 6:05PM-6:10PM ET"
2026-03-19 22:08:43.000,BUY,Up,0.96,21.84195,0,"Ethereum Up or Down - March 19, 6:05PM-6:10PM ET"
2026-03-19 22:08:43.000,BUY,Up,0.95,49.9718,0,"Ethereum Up or Down - March 19, 6:05PM-6:10PM ET"
2026-03-19 22:08:43.000,BUY,Up,0.94,10.8,0,"Ethereum Up or Down - March 19, 6:05PM-6:10PM ET"
2026-03-19 22:08:41.000,BUY,Down,0.14,51.92,0,"Bitcoin Up or Down - March 19, 6:05PM-6:10PM ET"
2026-03-19 22:08:41.000,BUY,Up,0.84,5,0,"Bitcoin Up or Down - March 19, 6:05PM-6:10PM ET"
2026-03-19 22:08:41.000,BUY,Up,0.860000021280001,35.714284,0,"Bitcoin Up or Down - March 19, 6:05PM-6:10PM ET"
2026-03-19 22:08:41.000,BUY,Up,0.86,12.74,0,"Bitcoin Up or Down - March 19, 6:05PM-6:10PM ET"
2026-03-19 22:08:41.000,BUY,Down,0.14,18.08,0,"Bitcoin Up or Down - March 19, 6:05PM-6:10PM ET"
2026-03-19 22:08:39.000,BUY,Up,0.76,52.11,0,"Bitcoin Up or Down - March 19, 6:05PM-6:10PM ET"
2026-03-19 22:08:39.000,BUY,Up,0.9,1.71652,0,"Ethereum Up or Down - March 19, 6:05PM-6:10PM ET"
2026-03-19 22:08:39.000,BUY,Up,0.7600001440000576,4.166665,0,"Bitcoin Up or Down - March 19, 6:05PM-6:10PM ET"
2026-03-19 22:08:39.000,BUY,Up,0.7600001440000576,4.166665,0,"Bitcoin Up or Down - March 19, 6:05PM-6:10PM ET"
2026-03-19 22:08:39.000,BUY,Up,0.7600000628821071,9.541665,0,"Bitcoin Up or Down - March 19, 6:05PM-6:10PM ET"
2026-03-19 22:08:39.000,BUY,Up,0.77,69.45113,0,"Bitcoin Up or Down - March 19, 6:05PM-6:10PM ET"
2026-03-19 22:08:39.000,BUY,Up,0.77,69.45113,0,"Bitcoin Up or Down - March 19, 6:05PM-6:10PM ET"
2026-03-19 22:08:33.000,BUY,Down,0.26,21.6577,0,"Bitcoin Up or Down - March 19, 6:05PM-6:10PM ET"
2026-03-19 22:08:33.000,BUY,Down,0.25,69.38477,0,"Bitcoin Up or Down - March 19, 6:05PM-6:10PM ET"
2026-03-19 22:08:33.000,BUY,Down,0.16,5,0,"Ethereum Up or Down - March 19, 6:05PM-6:10PM ET"
2026-03-19 22:08:33.000,BUY,Down,0.16,1.190475,0,"Ethereum Up or Down - March 19, 6:05PM-6:10PM ET"
2026-03-19 22:08:31.000,BUY,Down,0.16,5,0,"Ethereum Up or Down - March 19, 6:05PM-6:10PM ET"
2026-03-19 22:08:31.000,BUY,Down,0.16,7.0119,0,"Ethereum Up or Down - March 19, 6:05PM-6:10PM ET"
2026-03-19 22:08:31.000,BUY,Down,0.16000001280813847,9.369043,0,"Ethereum Up or Down - March 19, 6:05PM-6:10PM ET"
2026-03-19 22:08:31.000,BUY,Down,0.16,8.38,0,"Ethereum Up or Down - March 19, 6:05PM-6:10PM ET"
2026-03-19 22:08:31.000,BUY,Down,0.16,1.16,0,"Ethereum Up or Down - March 19, 6:05PM-6:10PM ET"
2026-03-19 22:08:31.000,BUY,Down,0.16,5,0,"Ethereum Up or Down - March 19, 6:05PM-6:10PM ET"
2026-03-19 22:08:31.000,BUY,Down,0.16000000724138394,5.523806,0,"Ethereum Up or Down - March 19, 6:05PM-6:10PM ET"
2026-03-19 22:08:31.000,BUY,Down,0.16000000937238745,8.535712,0,"Ethereum Up or Down - March 19, 6:05PM-6:10PM ET"
2026-03-19 22:08:17.000,BUY,Down,0.25,12.673332,0,"Ethereum Up or Down - March 19, 6:05PM-6:10PM ET"
2026-03-19 22:08:13.000,,,0,168.128373,0,"Ethereum Up or Down - March 19, 5:35PM-5:40PM ET"
2026-03-19 22:08:09.000,BUY,Down,0.26,1.35135,0,"Ethereum Up or Down - March 19, 6:05PM-6:10PM ET"
2026-03-19 22:08:09.000,BUY,Down,0.26,1.35135,0,"Ethereum Up or Down - March 19, 6:05PM-6:10PM ET"
2026-03-19 22:08:09.000,BUY,Down,0.2600000325600181,6.756753,0,"Ethereum Up or Down - March 19, 6:05PM-6:10PM ET"
2026-03-19 22:08:07.000,,,0,117.49482,0,"Ethereum Up or Down - March 19, 5:55PM-6:00PM ET"
2026-03-19 22:08:07.000,,,0,395.397476,0,"Ethereum Up or Down - March 19, 5:40PM-5:45PM ET"
2026-03-19 22:08:07.000,,,0,349.566529,0,"Bitcoin Up or Down - March 19, 6:00PM-6:05PM ET"
2026-03-19 22:08:07.000,,,0,497.203964,0,"Ethereum Up or Down - March 19, 5:50PM-5:55PM ET"
2026-03-19 22:08:07.000,,,0,393.881412,0,"Bitcoin Up or Down - March 19, 5:50PM-5:55PM ET"
2026-03-19 22:08:07.000,,,0,125.621383,0,"Bitcoin Up or Down - March 19, 5:35PM-5:40PM ET"
2026-03-19 22:08:07.000,,,0,291.1028,0,"Ethereum Up or Down - March 19, 6:00PM-6:05PM ET"
2026-03-19 22:08:07.000,,,0,228.431123,0,"Bitcoin Up or Down - March 19, 5:55PM-6:00PM ET"
2026-03-19 22:08:07.000,,,0,377.389716,0,"Ethereum Up or Down - March 19, 5:45PM-5:50PM ET"
2026-03-19 22:08:07.000,,,0,349.9742,0,"Bitcoin Up or Down - March 19, 5:40PM-5:45PM ET"
2026-03-19 22:08:07.000,BUY,Down,0.44,70,0,"Bitcoin Up or Down - March 19, 6:05PM-6:10PM ET"
2026-03-19 22:08:07.000,BUY,Down,0.43,9.87,0,"Bitcoin Up or Down - March 19, 6:05PM-6:10PM ET"
2026-03-19 22:08:07.000,BUY,Down,0.4342857142857143,68.94371,0,"Bitcoin Up or Down - March 19, 6:05PM-6:10PM ET"
2026-03-19 22:07:53.000,BUY,Down,0.45,68.92802,0,"Bitcoin Up or Down - March 19, 6:05PM-6:10PM ET"
2026-03-19 22:07:53.000,BUY,Down,0.45,68.92802,0,"Bitcoin Up or Down - March 19, 6:05PM-6:10PM ET"
2026-03-19 22:07:53.000,BUY,Up,0.44,18.5,0,"Bitcoin Up or Down - March 19, 6:05PM-6:10PM ET"
2026-03-19 22:07:53.000,BUY,Up,0.44,51.5,0,"Bitcoin Up or Down - March 19, 6:05PM-6:10PM ET"
2026-03-19 22:07:53.000,BUY,Down,0.34,6.45767,0,"Ethereum Up or Down - March 19, 6:05PM-6:10PM ET"
2026-03-19 22:07:51.000,BUY,Down,0.45,68.92802,0,"Bitcoin Up or Down - March 19, 6:05PM-6:10PM ET"
2026-03-19 22:07:49.000,BUY,Down,0.43,2.11,0,"Bitcoin Up or Down - March 19, 6:05PM-6:10PM ET"
2026-03-19 22:07:49.000,BUY,Down,0.43,5,0,"Bitcoin Up or Down - March 19, 6:05PM-6:10PM ET"
2026-03-19 22:07:49.000,BUY,Down,0.43000009405007855,3.508769,0,"Bitcoin Up or Down - March 19, 6:05PM-6:10PM ET"
2026-03-19 22:07:49.000,BUY,Down,0.43000009405007855,3.508769,0,"Bitcoin Up or Down - March 19, 6:05PM-6:10PM ET"
2026-03-19 22:07:47.000,BUY,Down,0.4300000087167813,41.299648,0,"Bitcoin Up or Down - March 19, 6:05PM-6:10PM ET"
2026-03-19 22:07:47.000,BUY,Down,0.43,12.81,0,"Bitcoin Up or Down - March 19, 6:05PM-6:10PM ET"
2026-03-19 22:07:47.000,BUY,Down,0.4300001767002986,1.754383,0,"Bitcoin Up or Down - March 19, 6:05PM-6:10PM ET"
2026-03-19 22:07:37.000,BUY,Down,0.41,5.44,0,"Bitcoin Up or Down - March 19, 6:05PM-6:10PM ET"
2026-03-19 22:07:37.000,BUY,Down,0.4100000098333348,10.16949,0,"Bitcoin Up or Down - March 19, 6:05PM-6:10PM ET"
2026-03-19 22:07:35.000,BUY,Down,0.41000003722398415,5.37288,0,"Bitcoin Up or Down - March 19, 6:05PM-6:10PM ET"
2026-03-19 22:07:35.000,BUY,Down,0.4,14.784,0,"Bitcoin Up or Down - March 19, 6:05PM-6:10PM ET"
2026-03-19 22:07:35.000,BUY,Up,0.59,70,0,"Bitcoin Up or Down - March 19, 6:05PM-6:10PM ET"
2026-03-19 22:07:35.000,BUY,Up,0.59,54.26,0,"Bitcoin Up or Down - March 19, 6:05PM-6:10PM ET"
2026-03-19 22:07:33.000,BUY,Up,0.54,3.96,0,"Bitcoin Up or Down - March 19, 6:05PM-6:10PM ET"
2026-03-19 22:07:33.000,BUY,Up,0.59,15.74,0,"Bitcoin Up or Down - March 19, 6:05PM-6:10PM ET"
2026-03-19 22:07:31.000,BUY,Up,0.54000000424012,66.035868,0,"Bitcoin Up or Down - March 19, 6:05PM-6:10PM ET"
2026-03-19 22:07:17.000,BUY,Up,0.3300000804000707,1.492536,0,"Bitcoin Up or Down - March 19, 6:05PM-6:10PM ET"
2026-03-19 22:07:17.000,BUY,Up,0.3300000071466704,5.597012,0,"Bitcoin Up or Down - March 19, 6:05PM-6:10PM ET"
2026-03-19 22:07:13.000,BUY,Up,0.27,70,0,"Bitcoin Up or Down - March 19, 6:05PM-6:10PM ET"
2026-03-19 22:07:13.000,BUY,Up,0.26,41.25,0,"Bitcoin Up or Down - March 19, 6:05PM-6:10PM ET"
2026-03-19 22:07:13.000,BUY,Up,0.26000001138461815,5.270269,0,"Bitcoin Up or Down - March 19, 6:05PM-6:10PM ET"
2026-03-19 22:07:07.000,BUY,Up,0.25,69.38477,0,"Bitcoin Up or Down - March 19, 6:05PM-6:10PM ET"
2026-03-19 22:06:53.000,BUY,Up,0.26,14.1,0,"Bitcoin Up or Down - March 19, 6:05PM-6:10PM ET"
2026-03-19 22:06:51.000,BUY,Up,0.26,70,0,"Bitcoin Up or Down - March 19, 6:05PM-6:10PM ET"
2026-03-19 22:06:49.000,BUY,Up,0.16,15.50965,0,"Ethereum Up or Down - March 19, 6:05PM-6:10PM ET"
2026-03-19 22:06:41.000,BUY,Up,0.28,68.61,0,"Bitcoin Up or Down - March 19, 6:05PM-6:10PM ET"
2026-03-19 22:06:41.000,BUY,Up,0.2800001440004032,1.388885,0,"Bitcoin Up or Down - March 19, 6:05PM-6:10PM ET"
2026-03-19 22:06:35.000,BUY,Up,0.28,70,0,"Bitcoin Up or Down - March 19, 6:05PM-6:10PM ET"
2026-03-19 22:06:33.000,BUY,Down,0.83,0.99503,0,"Ethereum Up or Down - March 19, 6:05PM-6:10PM ET"
2026-03-19 22:06:27.000,BUY,Up,0.3,70,0,"Bitcoin Up or Down - March 19, 6:05PM-6:10PM ET"
2026-03-19 22:06:17.000,BUY,Up,0.24,15.80743,0,"Ethereum Up or Down - March 19, 6:05PM-6:10PM ET"
2026-03-19 22:06:05.000,BUY,Up,0.14,20,0,"Ethereum Up or Down - March 19, 6:05PM-6:10PM ET"
2026-03-19 22:06:05.000,BUY,Down,0.86,49.8188,0,"Ethereum Up or Down - March 19, 6:05PM-6:10PM ET"
2026-03-19 22:06:05.000,BUY,Up,0.14,10,0,"Ethereum Up or Down - March 19, 6:05PM-6:10PM ET"
2026-03-19 22:06:05.000,BUY,Up,0.14,20,0,"Ethereum Up or Down - March 19, 6:05PM-6:10PM ET"
2026-03-19 22:05:55.000,BUY,Down,0.7,70,0,"Bitcoin Up or Down - March 19, 6:05PM-6:10PM ET"
2026-03-19 22:05:53.000,BUY,Down,0.71,54.99,0,"Bitcoin Up or Down - March 19, 6:05PM-6:10PM ET"
2026-03-19 22:05:47.000,BUY,Down,0.71,14.84102,0,"Bitcoin Up or Down - March 19, 6:05PM-6:10PM ET"
2026-03-19 22:05:43.000,BUY,Up,0.29,30,0,"Bitcoin Up or Down - March 19, 6:05PM-6:10PM ET"
2026-03-19 22:05:43.000,BUY,Up,0.29,34.62905,0,"Bitcoin Up or Down - March 19, 6:05PM-6:10PM ET"
2026-03-19 22:05:43.000,BUY,Up,0.29,5,0,"Bitcoin Up or Down - March 19, 6:05PM-6:10PM ET"
2026-03-19 22:05:35.000,BUY,Up,0.32,0.35,0,"Bitcoin Up or Down - March 19, 6:05PM-6:10PM ET"
2026-03-19 22:05:33.000,BUY,Up,0.32,51.32,0,"Bitcoin Up or Down - March 19, 6:05PM-6:10PM ET"
2026-03-19 22:05:33.000,BUY,Up,0.32000000218298574,18.323528,0,"Bitcoin Up or Down - March 19, 6:05PM-6:10PM ET"
2026-03-19 22:05:33.000,BUY,Down,0.64,60.89,0,"Bitcoin Up or Down - March 19, 6:05PM-6:10PM ET"
2026-03-19 22:05:33.000,BUY,Down,0.65,70,0,"Bitcoin Up or Down - March 19, 6:05PM-6:10PM ET"
2026-03-19 22:05:33.000,BUY,Up,0.2,8.75,0,"Ethereum Up or Down - March 19, 6:05PM-6:10PM ET"
2026-03-19 22:05:33.000,BUY,Up,0.2,2.5,0,"Ethereum Up or Down - March 19, 6:05PM-6:10PM ET"
2026-03-19 22:05:33.000,BUY,Up,0.2,6,0,"Ethereum Up or Down - March 19, 6:05PM-6:10PM ET"
2026-03-19 22:05:33.000,BUY,Up,0.2,2.225,0,"Ethereum Up or Down - March 19, 6:05PM-6:10PM ET"
2026-03-19 22:05:17.000,BUY,Down,0.55,70,0,"Bitcoin Up or Down - March 19, 6:05PM-6:10PM ET"
2026-03-19 22:05:17.000,BUY,Down,0.51,68.90713,0,"Bitcoin Up or Down - March 19, 6:05PM-6:10PM ET"
2026-03-19 22:05:17.000,BUY,Down,0.5,2,0,"Bitcoin Up or Down - March 19, 6:05PM-6:10PM ET"
2026-03-19 22:05:17.000,BUY,Down,0.5,6.99891,0,"Bitcoin Up or Down - March 19, 6:05PM-6:10PM ET"
2026-03-19 22:05:15.000,BUY,Down,0.56,70,0,"Bitcoin Up or Down - March 19, 6:05PM-6:10PM ET"
2026-03-19 22:05:13.000,,,0,775.759732,0,"Bitcoin Up or Down - March 19, 6:00PM-6:05PM ET"
2026-03-19 22:04:43.000,BUY,Down,0.99,69.98828999999999,0,"Bitcoin Up or Down - March 19, 6:00PM-6:05PM ET"
2026-03-19 22:04:41.000,BUY,Down,0.97,3.77,0,"Bitcoin Up or Down - March 19, 6:00PM-6:05PM ET"
2026-03-19 22:04:41.000,BUY,Down,0.98,69.99328,0,"Bitcoin Up or Down - March 19, 6:00PM-6:05PM ET"
2026-03-19 22:04:41.000,BUY,Down,0.98,69.99328,0,"Bitcoin Up or Down - March 19, 6:00PM-6:05PM ET"
2026-03-19 22:04:41.000,BUY,Down,0.99,69.99829,0,"Bitcoin Up or Down - March 19, 6:00PM-6:05PM ET"
2026-03-19 22:04:41.000,BUY,Down,0.98,69.99328,0,"Bitcoin Up or Down - March 19, 6:00PM-6:05PM ET"
2026-03-19 22:04:41.000,BUY,Down,0.98,69.99328,0,"Bitcoin Up or Down - March 19, 6:00PM-6:05PM ET"
2026-03-19 22:04:41.000,BUY,Down,0.98,69.99328,0,"Bitcoin Up or Down - March 19, 6:00PM-6:05PM ET"
2026-03-19 22:04:41.000,BUY,Down,0.97,66.23,0,"Bitcoin Up or Down - March 19, 6:00PM-6:05PM ET"
2026-03-19 22:04:39.000,BUY,Down,0.97,70,0,"Bitcoin Up or Down - March 19, 6:00PM-6:05PM ET"
2026-03-19 22:04:39.000,BUY,Down,0.99,49.99878,0,"Ethereum Up or Down - March 19, 6:00PM-6:05PM ET"
2026-03-19 22:04:39.000,BUY,Down,0.99,49.99878,0,"Ethereum Up or Down - March 19, 6:00PM-6:05PM ET"
2026-03-19 22:04:39.000,BUY,Down,0.96,70,0,"Bitcoin Up or Down - March 19, 6:00PM-6:05PM ET"
2026-03-19 22:04:37.000,BUY,Down,0.99,49.99878,0,"Ethereum Up or Down - March 19, 6:00PM-6:05PM ET"
2026-03-19 22:04:29.000,BUY,Down,0.98,41.11606,0,"Ethereum Up or Down - March 19, 6:00PM-6:05PM ET"
2026-03-19 22:04:29.000,BUY,Down,0.98,49.9952,0,"Ethereum Up or Down - March 19, 6:00PM-6:05PM ET"
2026-03-19 22:04:29.000,BUY,Down,0.98,49.9952,0,"Ethereum Up or Down - March 19, 6:00PM-6:05PM ET"
2026-03-19 22:04:15.000,BUY,Up,0.14,14.66,0,"Bitcoin Up or Down - March 19, 6:00PM-6:05PM ET"
2026-03-19 22:04:13.000,,,0,524.170963,0,"Ethereum Up or Down - March 19, 6:00PM-6:05PM ET"
2026-03-19 22:04:13.000,BUY,Up,0.16,6.17,0,"Bitcoin Up or Down - March 19, 6:00PM-6:05PM ET"
2026-03-19 22:04:01.000,BUY,Up,0.11,3.0337,0,"Bitcoin Up or Down - March 19, 6:00PM-6:05PM ET"
2026-03-19 22:04:01.000,BUY,Up,0.11,3.0337,0,"Bitcoin Up or Down - March 19, 6:00PM-6:05PM ET"
2026-03-19 22:04:01.000,BUY,Up,0.11,3,0,"Bitcoin Up or Down - March 19, 6:00PM-6:05PM ET"
2026-03-19 22:04:01.000,BUY,Up,0.11,3.0337,0,"Bitcoin Up or Down - March 19, 6:00PM-6:05PM ET"
2026-03-19 22:04:01.000,BUY,Up,0.11,1.43,0,"Bitcoin Up or Down - March 19, 6:00PM-6:05PM ET"
2026-03-19 22:04:01.000,BUY,Up,0.11,3.0337,0,"Bitcoin Up or Down - March 19, 6:00PM-6:05PM ET"
2026-03-19 22:04:01.000,BUY,Up,0.11,3,0,"Bitcoin Up or Down - March 19, 6:00PM-6:05PM ET"
2026-03-19 22:04:01.000,BUY,Up,0.11,3.0337,0,"Bitcoin Up or Down - March 19, 6:00PM-6:05PM ET"
2026-03-19 22:04:01.000,BUY,Up,0.11,3.0337,0,"Bitcoin Up or Down - March 19, 6:00PM-6:05PM ET"
2026-03-19 22:04:01.000,BUY,Up,0.11,3.0337,0,"Bitcoin Up or Down - March 19, 6:00PM-6:05PM ET"
2026-03-19 22:04:01.000,BUY,Up,0.11,3.0337,0,"Bitcoin Up or Down - March 19, 6:00PM-6:05PM ET"
2026-03-19 22:04:01.000,BUY,Up,0.11,3.0337,0,"Bitcoin Up or Down - March 19, 6:00PM-6:05PM ET"
2026-03-19 22:04:01.000,BUY,Up,0.11,3,0,"Bitcoin Up or Down - March 19, 6:00PM-6:05PM ET"
2026-03-19 22:04:01.000,BUY,Up,0.11,3.0337,0,"Bitcoin Up or Down - March 19, 6:00PM-6:05PM ET"
2026-03-19 22:04:01.000,BUY,Up,0.11,3,0,"Bitcoin Up or Down - March 19, 6:00PM-6:05PM ET"
2026-03-19 22:04:01.000,BUY,Up,0.11,3.0337,0,"Bitcoin Up or Down - March 19, 6:00PM-6:05PM ET"
2026-03-19 22:04:01.000,BUY,Up,0.11,3.0337,0,"Bitcoin Up or Down - March 19, 6:00PM-6:05PM ET"
2026-03-19 22:04:01.000,BUY,Up,0.11,3.0337,0,"Bitcoin Up or Down - March 19, 6:00PM-6:05PM ET"
2026-03-19 22:04:01.000,BUY,Up,0.11,3.0337,0,"Bitcoin Up or Down - March 19, 6:00PM-6:05PM ET"
2026-03-19 22:04:01.000,BUY,Up,0.11,3,0,"Bitcoin Up or Down - March 19, 6:00PM-6:05PM ET"
2026-03-19 22:04:01.000,BUY,Up,0.11,3.0337,0,"Bitcoin Up or Down - March 19, 6:00PM-6:05PM ET"
2026-03-19 22:04:01.000,BUY,Up,0.11,3,0,"Bitcoin Up or Down - March 19, 6:00PM-6:05PM ET"
2026-03-19 22:04:01.000,BUY,Up,0.11,3.0337,0,"Bitcoin Up or Down - March 19, 6:00PM-6:05PM ET"
2026-03-19 22:04:01.000,BUY,Up,0.11,1.9237,0,"Bitcoin Up or Down - March 19, 6:00PM-6:05PM ET"
2026-03-19 22:03:55.000,BUY,Up,0.14,15,0,"Bitcoin Up or Down - March 19, 6:00PM-6:05PM ET"
2026-03-19 22:03:55.000,BUY,Up,0.13000000174000104,5.747123,0,"Bitcoin Up or Down - March 19, 6:00PM-6:05PM ET"
2026-03-19 22:03:55.000,BUY,Up,0.13000000174000104,5.747123,0,"Bitcoin Up or Down - March 19, 6:00PM-6:05PM ET"
2026-03-19 22:03:55.000,BUY,Up,0.13,28,0,"Bitcoin Up or Down - March 19, 6:00PM-6:05PM ET"
2026-03-19 22:03:55.000,BUY,Up,0.13,9.79,0,"Bitcoin Up or Down - March 19, 6:00PM-6:05PM ET"
2026-03-19 22:03:55.000,BUY,Up,0.14,6.84,0,"Bitcoin Up or Down - March 19, 6:00PM-6:05PM ET"
2026-03-19 22:03:55.000,BUY,Up,0.14,15,0,"Bitcoin Up or Down - March 19, 6:00PM-6:05PM ET"
2026-03-19 22:03:55.000,BUY,Up,0.1400000231390336,2.593021,0,"Bitcoin Up or Down - March 19, 6:00PM-6:05PM ET"
2026-03-19 22:03:55.000,BUY,Up,0.14,6.69,0,"Bitcoin Up or Down - March 19, 6:00PM-6:05PM ET"
2026-03-19 22:03:55.000,BUY,Up,0.14,14.5,0,"Bitcoin Up or Down - March 19, 6:00PM-6:05PM ET"
2026-03-19 22:03:53.000,BUY,Down,0.8200001721312181,4.066665,0,"Bitcoin Up or Down - March 19, 6:00PM-6:05PM ET"
2026-03-19 22:03:43.000,BUY,Up,0.13,50,0,"Ethereum Up or Down - March 19, 6:00PM-6:05PM ET"
2026-03-19 22:03:43.000,BUY,Up,0.15,50,0,"Ethereum Up or Down - March 19, 6:00PM-6:05PM ET"
2026-03-19 22:03:43.000,BUY,Up,0.12,34.67307,0,"Ethereum Up or Down - March 19, 6:00PM-6:05PM ET"
2026-03-19 22:03:43.000,BUY,Up,0.12,49.86061,0,"Ethereum Up or Down - March 19, 6:00PM-6:05PM ET"
2026-03-19 22:03:43.000,BUY,Up,0.12,50,0,"Ethereum Up or Down - March 19, 6:00PM-6:05PM ET"
2026-03-19 22:03:41.000,BUY,Up,0.19000002430009647,1.234563,0,"Bitcoin Up or Down - March 19, 6:00PM-6:05PM ET"
2026-03-19 22:03:41.000,BUY,Up,0.12,49.86061,0,"Ethereum Up or Down - March 19, 6:00PM-6:05PM ET"
2026-03-19 22:03:41.000,BUY,Down,0.82,23.96,0,"Ethereum Up or Down - March 19, 6:00PM-6:05PM ET"
2026-03-19 22:03:41.000,BUY,Up,0.11,13.96646,0,"Ethereum Up or Down - March 19, 6:00PM-6:05PM ET"
2026-03-19 22:03:41.000,BUY,Up,0.1,2.04,0,"Ethereum Up or Down - March 19, 6:00PM-6:05PM ET"
2026-03-19 22:03:39.000,BUY,Up,0.19000005310248122,3.201357,0,"Bitcoin Up or Down - March 19, 6:00PM-6:05PM ET"
2026-03-19 22:03:39.000,BUY,Up,0.19,5,0,"Bitcoin Up or Down - March 19, 6:00PM-6:05PM ET"
2026-03-19 22:03:39.000,BUY,Up,0.19000002430009647,1.234563,0,"Bitcoin Up or Down - March 19, 6:00PM-6:05PM ET"
2026-03-19 22:03:39.000,BUY,Up,0.19000001504286115,8.641973,0,"Bitcoin Up or Down - March 19, 6:00PM-6:05PM ET"
2026-03-19 22:03:39.000,BUY,Up,0.19000002430009647,1.234563,0,"Bitcoin Up or Down - March 19, 6:00PM-6:05PM ET"
2026-03-19 22:03:39.000,BUY,Up,0.1900000145800012,12.345678,0,"Bitcoin Up or Down - March 19, 6:00PM-6:05PM ET"
2026-03-19 22:03:39.000,BUY,Up,0.19000002592001472,6.172836,0,"Bitcoin Up or Down - March 19, 6:00PM-6:05PM ET"
2026-03-19 22:03:39.000,BUY,Up,0.19,2,0,"Bitcoin Up or Down - March 19, 6:00PM-6:05PM ET"
2026-03-19 22:03:39.000,BUY,Up,0.19000000860684862,10.456789,0,"Bitcoin Up or Down - March 19, 6:00PM-6:05PM ET"
2026-03-19 22:03:39.000,BUY,Up,0.19000002430009647,1.234563,0,"Bitcoin Up or Down - March 19, 6:00PM-6:05PM ET"
2026-03-19 22:03:37.000,BUY,Up,0.12,15.9554,0,"Ethereum Up or Down - March 19, 6:00PM-6:05PM ET"
2026-03-19 22:03:35.000,BUY,Up,0.24,16,0,"Bitcoin Up or Down - March 19, 6:00PM-6:05PM ET"
2026-03-19 22:03:35.000,BUY,Up,0.24000001216000344,13.157891,0,"Bitcoin Up or Down - March 19, 6:00PM-6:05PM ET"
2026-03-19 22:03:35.000,BUY,Up,0.24,5,0,"Bitcoin Up or Down - March 19, 6:00PM-6:05PM ET"
2026-03-19 22:03:35.000,BUY,Up,0.24,15.55,0,"Bitcoin Up or Down - March 19, 6:00PM-6:05PM ET"
2026-03-19 22:03:35.000,BUY,Up,0.24,11.74,0,"Bitcoin Up or Down - March 19, 6:00PM-6:05PM ET"
2026-03-19 22:03:35.000,BUY,Up,0.25,69.38477,0,"Bitcoin Up or Down - March 19, 6:00PM-6:05PM ET"
2026-03-19 22:03:35.000,BUY,Down,0.88,50,0,"Ethereum Up or Down - March 19, 6:00PM-6:05PM ET"
2026-03-19 22:03:35.000,BUY,Up,0.25,69.38477,0,"Bitcoin Up or Down - March 19, 6:00PM-6:05PM ET"
2026-03-19 22:03:33.000,BUY,Up,0.24,5.91,0,"Bitcoin Up or Down - March 19, 6:00PM-6:05PM ET"
2026-03-19 22:03:33.000,BUY,Up,0.24,2.631575,0,"Bitcoin Up or Down - March 19, 6:00PM-6:05PM ET"
2026-03-19 22:03:33.000,BUY,Down,0.87,24.92006,0,"Ethereum Up or Down - March 19, 6:00PM-6:05PM ET"
2026-03-19 22:03:29.000,BUY,Up,0.18000000645263076,3.099511,0,"Ethereum Up or Down - March 19, 6:00PM-6:05PM ET"
2026-03-19 22:03:27.000,BUY,Up,0.21,25,0,"Ethereum Up or Down - March 19, 6:00PM-6:05PM ET"
2026-03-19 22:03:27.000,BUY,Up,0.16000000336000167,11.904756,0,"Ethereum Up or Down - March 19, 6:00PM-6:05PM ET"
2026-03-19 22:03:27.000,BUY,Up,0.16000000201680695,19.833331,0,"Ethereum Up or Down - March 19, 6:00PM-6:05PM ET"
2026-03-19 22:03:27.000,BUY,Up,0.16,11.9,0,"Ethereum Up or Down - March 19, 6:00PM-6:05PM ET"
2026-03-19 22:03:27.000,BUY,Up,0.16,4.702375,0,"Ethereum Up or Down - March 19, 6:00PM-6:05PM ET"
2026-03-19 22:03:27.000,BUY,Down,0.81,4.9704,0,"Ethereum Up or Down - March 19, 6:00PM-6:05PM ET"
2026-03-19 22:03:27.000,BUY,Down,0.58,6,0,"Bitcoin Up or Down - March 19, 6:00PM-6:05PM ET"
2026-03-19 22:03:25.000,BUY,Up,0.25,1.78,0,"Ethereum Up or Down - March 19, 6:00PM-6:05PM ET"
2026-03-19 22:03:25.000,BUY,Down,0.58,6,0,"Bitcoin Up or Down - March 19, 6:00PM-6:05PM ET"
2026-03-19 22:03:23.000,BUY,Up,0.25,13.333332,0,"Ethereum Up or Down - March 19, 6:00PM-6:05PM ET"
2026-03-19 22:03:23.000,BUY,Up,0.25,6.666664,0,"Ethereum Up or Down - March 19, 6:00PM-6:05PM ET"
2026-03-19 22:03:21.000,BUY,Up,0.25,28.21,0,"Ethereum Up or Down - March 19, 6:00PM-6:05PM ET"
2026-03-19 22:03:17.000,BUY,Up,0.49,68.90713,0,"Bitcoin Up or Down - March 19, 6:00PM-6:05PM ET"
2026-03-19 22:03:07.000,BUY,Down,0.46,50,0,"Ethereum Up or Down - March 19, 6:00PM-6:05PM ET"
2026-03-19 22:03:07.000,BUY,Down,0.44,28.83559,0,"Bitcoin Up or Down - March 19, 6:00PM-6:05PM ET"
2026-03-19 22:03:07.000,BUY,Up,0.59,70,0,"Bitcoin Up or Down - March 19, 6:00PM-6:05PM ET"
2026-03-19 22:03:07.000,BUY,Down,0.43,68.94871,0,"Bitcoin Up or Down - March 19, 6:00PM-6:05PM ET"
2026-03-19 22:03:05.000,BUY,Down,0.48,35,0,"Ethereum Up or Down - March 19, 6:00PM-6:05PM ET"
2026-03-19 22:03:05.000,BUY,Down,0.42,26.91471,0,"Bitcoin Up or Down - March 19, 6:00PM-6:05PM ET"
2026-03-19 22:03:05.000,BUY,Up,0.51,50,0,"Ethereum Up or Down - March 19, 6:00PM-6:05PM ET"
2026-03-19 22:03:05.000,BUY,Up,0.54,5.35,0,"Ethereum Up or Down - March 19, 6:00PM-6:05PM ET"
2026-03-19 22:03:05.000,BUY,Up,0.5,5.3568,0,"Ethereum Up or Down - March 19, 6:00PM-6:05PM ET"
2026-03-19 22:03:05.000,BUY,Up,0.5600000092328912,30.326362,0,"Bitcoin Up or Down - March 19, 6:00PM-6:05PM ET"
2026-03-19 22:03:05.000,BUY,Down,0.47,10.69,0,"Ethereum Up or Down - March 19, 6:00PM-6:05PM ET"
2026-03-19 22:03:05.000,BUY,Down,0.48,2.26,0,"Ethereum Up or Down - March 19, 6:00PM-6:05PM ET"
2026-03-19 22:03:05.000,BUY,Down,0.48,12.74,0,"Ethereum Up or Down - March 19, 6:00PM-6:05PM ET"
2026-03-19 22:03:03.000,BUY,Down,0.42,0.04,0,"Bitcoin Up or Down - March 19, 6:00PM-6:05PM ET"
2026-03-19 22:03:03.000,BUY,Down,0.42,9.85165,0,"Bitcoin Up or Down - March 19, 6:00PM-6:05PM ET"
2026-03-19 22:03:03.000,BUY,Down,0.41,60.10764,0,"Bitcoin Up or Down - March 19, 6:00PM-6:05PM ET"
2026-03-19 22:03:03.000,BUY,Up,0.56,49.24109,0,"Ethereum Up or Down - March 19, 6:00PM-6:05PM ET"
2026-03-19 22:02:59.000,BUY,Down,0.45,43.86,0,"Bitcoin Up or Down - March 19, 6:00PM-6:05PM ET"
2026-03-19 22:02:57.000,BUY,Down,0.39,4.92926,0,"Bitcoin Up or Down - March 19, 6:00PM-6:05PM ET"
2026-03-19 22:02:53.000,BUY,Up,0.53,3.06176,0,"Bitcoin Up or Down - March 19, 6:00PM-6:05PM ET"
2026-03-19 22:02:53.000,BUY,Up,0.5400002392001149,2.173912,0,"Bitcoin Up or Down - March 19, 6:00PM-6:05PM ET"
2026-03-19 22:02:51.000,BUY,Up,0.51,5,0,"Bitcoin Up or Down - March 19, 6:00PM-6:05PM ET"
2026-03-19 22:02:51.000,BUY,Up,0.51,7.04,0,"Bitcoin Up or Down - March 19, 6:00PM-6:05PM ET"
2026-03-19 22:02:51.000,BUY,Up,0.51,5,0,"Bitcoin Up or Down - March 19, 6:00PM-6:05PM ET"
2026-03-19 22:02:51.000,BUY,Up,0.51,5,0,"Bitcoin Up or Down - March 19, 6:00PM-6:05PM ET"
2026-03-19 22:02:51.000,BUY,Up,0.51,5,0,"Bitcoin Up or Down - March 19, 6:00PM-6:05PM ET"
2026-03-19 22:02:51.000,BUY,Up,0.51,2,0,"Bitcoin Up or Down - March 19, 6:00PM-6:05PM ET"
2026-03-19 22:02:51.000,BUY,Up,0.51,5.96,0,"Bitcoin Up or Down - March 19, 6:00PM-6:05PM ET"
2026-03-19 22:02:51.000,BUY,Up,0.51,5,0,"Bitcoin Up or Down - March 19, 6:00PM-6:05PM ET"
2026-03-19 22:02:51.000,BUY,Up,0.51,5,0,"Bitcoin Up or Down - March 19, 6:00PM-6:05PM ET"
2026-03-19 22:02:51.000,BUY,Up,0.51,5,0,"Bitcoin Up or Down - March 19, 6:00PM-6:05PM ET"
2026-03-19 22:02:51.000,BUY,Up,0.51,5,0,"Bitcoin Up or Down - March 19, 6:00PM-6:05PM ET"
2026-03-19 22:02:51.000,BUY,Up,0.51,5,0,"Bitcoin Up or Down - March 19, 6:00PM-6:05PM ET"
2026-03-19 22:02:51.000,BUY,Up,0.51,5,0,"Bitcoin Up or Down - March 19, 6:00PM-6:05PM ET"
2026-03-19 22:02:51.000,BUY,Up,0.51,5,0,"Bitcoin Up or Down - March 19, 6:00PM-6:05PM ET"
2026-03-19 22:02:49.000,BUY,Down,0.4300000259090934,12.350876,0,"Bitcoin Up or Down - March 19, 6:00PM-6:05PM ET"
2026-03-19 22:02:45.000,BUY,Down,0.29,12.81,0,"Bitcoin Up or Down - March 19, 6:00PM-6:05PM ET"
2026-03-19 22:02:43.000,,,0,606.591176,0,"Bitcoin Up or Down - March 19, 6:00PM-6:05PM ET"
2026-03-19 22:02:39.000,BUY,Down,0.29000005680010904,1.408448,0,"Bitcoin Up or Down - March 19, 6:00PM-6:05PM ET"
2026-03-19 22:02:39.000,BUY,Down,0.2900000037368426,21.408448,0,"Bitcoin Up or Down - March 19, 6:00PM-6:05PM ET"
2026-03-19 22:02:39.000,BUY,Down,0.29,5.5,0,"Bitcoin Up or Down - March 19, 6:00PM-6:05PM ET"
2026-03-19 22:02:39.000,BUY,Up,0.67,69.14451,0,"Bitcoin Up or Down - March 19, 6:00PM-6:05PM ET"
2026-03-19 22:02:11.000,BUY,Up,0.56,14.77233,0,"Bitcoin Up or Down - March 19, 6:00PM-6:05PM ET"
2026-03-19 22:02:11.000,BUY,Down,0.45,70,0,"Bitcoin Up or Down - March 19, 6:00PM-6:05PM ET"
2026-03-19 22:02:09.000,BUY,Up,0.36,50,0,"Ethereum Up or Down - March 19, 6:00PM-6:05PM ET"
2026-03-19 22:02:05.000,BUY,Up,0.56,8,0,"Bitcoin Up or Down - March 19, 6:00PM-6:05PM ET"
2026-03-19 22:02:03.000,BUY,Up,0.46,4.92288,0,"Bitcoin Up or Down - March 19, 6:00PM-6:05PM ET"
2026-03-19 22:02:03.000,BUY,Up,0.45,10.60507,0,"Bitcoin Up or Down - March 19, 6:00PM-6:05PM ET"
2026-03-19 22:02:03.000,BUY,Up,0.56,10.45,0,"Bitcoin Up or Down - March 19, 6:00PM-6:05PM ET"
2026-03-19 22:02:03.000,BUY,Up,0.5600001029787541,4.272726,0,"Bitcoin Up or Down - March 19, 6:00PM-6:05PM ET"
2026-03-19 22:02:03.000,BUY,Up,0.4,1.9712,0,"Ethereum Up or Down - March 19, 6:00PM-6:05PM ET"
2026-03-19 22:01:57.000,BUY,Down,0.53,68.91412,0,"Bitcoin Up or Down - March 19, 6:00PM-6:05PM ET"
2026-03-19 22:01:57.000,BUY,Down,0.52,70,0,"Bitcoin Up or Down - March 19, 6:00PM-6:05PM ET"
2026-03-19 22:01:57.000,BUY,Down,0.55,68.92802,0,"Bitcoin Up or Down - March 19, 6:00PM-6:05PM ET"
2026-03-19 22:01:55.000,BUY,Down,0.54,68.92021,0,"Bitcoin Up or Down - March 19, 6:00PM-6:05PM ET"
2026-03-19 22:01:55.000,BUY,Down,0.48,11.29,0,"Bitcoin Up or Down - March 19, 6:00PM-6:05PM ET"
2026-03-19 22:01:43.000,BUY,Up,0.4600000097200008,18.518517,0,"Ethereum Up or Down - March 19, 6:00PM-6:05PM ET"
2026-03-19 22:01:41.000,BUY,Down,0.5,6.86,0,"Bitcoin Up or Down - March 19, 6:00PM-6:05PM ET"
2026-03-19 22:01:41.000,BUY,Down,0.5,32.4,0,"Bitcoin Up or Down - March 19, 6:00PM-6:05PM ET"
2026-03-19 22:01:39.000,BUY,Down,0.5,9,0,"Bitcoin Up or Down - March 19, 6:00PM-6:05PM ET"
2026-03-19 22:01:39.000,BUY,Down,0.5,5,0,"Bitcoin Up or Down - March 19, 6:00PM-6:05PM ET"
2026-03-19 22:01:39.000,BUY,Down,0.5,5,0,"Bitcoin Up or Down - March 19, 6:00PM-6:05PM ET"
2026-03-19 22:01:39.000,BUY,Up,0.52,11.55715,0,"Bitcoin Up or Down - March 19, 6:00PM-6:05PM ET"
2026-03-19 22:01:39.000,BUY,Down,0.5,11.74,0,"Bitcoin Up or Down - March 19, 6:00PM-6:05PM ET"
2026-03-19 22:01:33.000,BUY,Up,0.28000001167618327,17.128885,0,"Ethereum Up or Down - March 19, 6:00PM-6:05PM ET"
2026-03-19 22:01:13.000,BUY,Down,0.51,12.60016,0,"Ethereum Up or Down - March 19, 6:00PM-6:05PM ET"
2026-03-19 22:01:07.000,BUY,Down,0.52,17.52277,0,"Ethereum Up or Down - March 19, 6:00PM-6:05PM ET"
2026-03-19 22:01:05.000,BUY,Down,0.45,20.41254,0,"Ethereum Up or Down - March 19, 6:00PM-6:05PM ET"
2026-03-19 22:01:05.000,BUY,Down,0.4900000395349113,2.52941,0,"Ethereum Up or Down - March 19, 6:00PM-6:05PM ET"
2026-03-19 22:01:05.000,BUY,Down,0.49000000459183696,32.666665,0,"Ethereum Up or Down - March 19, 6:00PM-6:05PM ET"
2026-03-19 22:01:05.000,BUY,Down,0.4900001923685172,2.235293,0,"Ethereum Up or Down - March 19, 6:00PM-6:05PM ET"
2026-03-19 22:01:05.000,BUY,Down,0.4700000311764917,2.566036,0,"Ethereum Up or Down - March 19, 6:00PM-6:05PM ET"
2026-03-19 22:01:05.000,BUY,Down,0.4700001219000939,1.886791,0,"Ethereum Up or Down - March 19, 6:00PM-6:05PM ET"
2026-03-19 22:01:05.000,BUY,Down,0.47,2.5283,0,"Ethereum Up or Down - March 19, 6:00PM-6:05PM ET"
2026-03-19 22:01:05.000,BUY,Down,0.45,49.2343,0,"Ethereum Up or Down - March 19, 6:00PM-6:05PM ET"
2026-03-19 22:01:03.000,BUY,Down,0.45,40.50998,0,"Ethereum Up or Down - March 19, 6:00PM-6:05PM ET"
2026-03-19 22:01:03.000,BUY,Down,0.38,8.73706,0,"Ethereum Up or Down - March 19, 6:00PM-6:05PM ET"
2026-03-19 22:01:03.000,BUY,Down,0.4,12.615680000000001,0,"Ethereum Up or Down - March 19, 6:00PM-6:05PM ET"
2026-03-19 22:01:03.000,BUY,Down,0.34,5.40114,0,"Ethereum Up or Down - March 19, 6:00PM-6:05PM ET"
2026-03-19 22:01:03.000,BUY,Down,0.32,10.86979,0,"Ethereum Up or Down - March 19, 6:00PM-6:05PM ET"
2026-03-19 22:01:01.000,BUY,Down,0.3,6.92283,0,"Ethereum Up or Down - March 19, 6:00PM-6:05PM ET"
2026-03-19 22:00:55.000,BUY,Up,0.62,4.00367,0,"Ethereum Up or Down - March 19, 6:00PM-6:05PM ET"
2026-03-19 22:00:49.000,BUY,Up,0.72,70,0,"Bitcoin Up or Down - March 19, 6:00PM-6:05PM ET"
2026-03-19 22:00:49.000,BUY,Up,0.73,70,0,"Bitcoin Up or Down - March 19, 6:00PM-6:05PM ET"
2026-03-19 22:00:41.000,BUY,Up,0.73,69.32016,0,"Bitcoin Up or Down - March 19, 6:00PM-6:05PM ET"
2026-03-19 22:00:41.000,BUY,Up,0.73,69.32016,0,"Bitcoin Up or Down - March 19, 6:00PM-6:05PM ET"
2026-03-19 22:00:37.000,BUY,Down,0.38,5,0,"Bitcoin Up or Down - March 19, 6:00PM-6:05PM ET"
2026-03-19 22:00:37.000,BUY,Up,0.41,10.789819999999999,0,"Ethereum Up or Down - March 19, 6:00PM-6:05PM ET"
2026-03-19 22:00:37.000,BUY,Up,0.4,0.9856,0,"Ethereum Up or Down - March 19, 6:00PM-6:05PM ET"
2026-03-19 22:00:37.000,BUY,Down,0.3800000368055709,9.781128,0,"Bitcoin Up or Down - March 19, 6:00PM-6:05PM ET"
2026-03-19 22:00:37.000,BUY,Down,0.38000007026670557,4.838707,0,"Bitcoin Up or Down - March 19, 6:00PM-6:05PM ET"
2026-03-19 22:00:37.000,BUY,Down,0.38,5,0,"Bitcoin Up or Down - March 19, 6:00PM-6:05PM ET"
2026-03-19 22:00:37.000,BUY,Down,0.38,25.02,0,"Bitcoin Up or Down - March 19, 6:00PM-6:05PM ET"
2026-03-19 22:00:35.000,BUY,Down,0.36,6.90625,0,"Bitcoin Up or Down - March 19, 6:00PM-6:05PM ET"
2026-03-19 22:00:33.000,,,0,597.633029,0,"Bitcoin Up or Down - March 19, 5:55PM-6:00PM ET"
2026-03-19 22:00:31.000,BUY,Down,0.48,4.92213,0,"Ethereum Up or Down - March 19, 6:00PM-6:05PM ET"
2026-03-19 22:00:31.000,BUY,Down,0.34,4.93706,0,"Bitcoin Up or Down - March 19, 6:00PM-6:05PM ET"
2026-03-19 22:00:31.000,BUY,Down,0.5,10.82813,0,"Ethereum Up or Down - March 19, 6:00PM-6:05PM ET"
2026-03-19 22:00:31.000,BUY,Down,0.31,20.117240000000002,0,"Bitcoin Up or Down - March 19, 6:00PM-6:05PM ET"
2026-03-19 22:00:27.000,BUY,Up,0.69,69.19932,0,"Bitcoin Up or Down - March 19, 6:00PM-6:05PM ET"
2026-03-19 22:00:27.000,BUY,Up,0.68,69.17138,0,"Bitcoin Up or Down - March 19, 6:00PM-6:05PM ET"
2026-03-19 22:00:25.000,BUY,Down,0.51,3.8784899999999998,0,"Ethereum Up or Down - March 19, 6:00PM-6:05PM ET"
2026-03-19 22:00:23.000,BUY,Down,0.51,5.17788,0,"Ethereum Up or Down - March 19, 6:00PM-6:05PM ET"
2026-03-19 22:00:21.000,BUY,Down,0.41,2.52256,0,"Ethereum Up or Down - March 19, 6:00PM-6:05PM ET"
2026-03-19 22:00:19.000,BUY,Down,0.28,69.28876,0,"Bitcoin Up or Down - March 19, 6:00PM-6:05PM ET"
2026-03-19 22:00:19.000,BUY,Down,0.52,13.91977,0,"Ethereum Up or Down - March 19, 6:00PM-6:05PM ET"
2026-03-19 22:00:15.000,BUY,Down,0.4800001332954182,2.700768,0,"Ethereum Up or Down - March 19, 6:00PM-6:05PM ET"
2026-03-19 22:00:13.000,BUY,Up,0.52,49.22125,0,"Ethereum Up or Down - March 19, 6:00PM-6:05PM ET"
2026-03-19 22:00:13.000,BUY,Up,0.51,20.34729,0,"Ethereum Up or Down - March 19, 6:00PM-6:05PM ET"
2026-03-19 22:00:13.000,BUY,Up,0.5,49.21875,0,"Ethereum Up or Down - March 19, 6:00PM-6:05PM ET"
2026-03-19 22:00:11.000,BUY,Down,0.38000003299979707,9.090965,0,"Bitcoin Up or Down - March 19, 6:00PM-6:05PM ET"
2026-03-19 22:00:11.000,BUY,Up,0.63,70,0,"Bitcoin Up or Down - March 19, 6:00PM-6:05PM ET"
2026-03-19 22:00:11.000,BUY,Down,0.38,38.9,0,"Bitcoin Up or Down - March 19, 6:00PM-6:05PM ET"
2026-03-19 22:00:11.000,BUY,Down,0.38,22,0,"Bitcoin Up or Down - March 19, 6:00PM-6:05PM ET"
2026-03-19 22:00:11.000,BUY,Up,0.62,5,0,"Bitcoin Up or Down - March 19, 6:00PM-6:05PM ET"
2026-03-19 22:00:11.000,BUY,Up,0.62,50,0,"Bitcoin Up or Down - March 19, 6:00PM-6:05PM ET"
2026-03-19 22:00:09.000,BUY,Down,0.4,36,0,"Bitcoin Up or Down - March 19, 6:00PM-6:05PM ET"
2026-03-19 22:00:09.000,BUY,Down,0.4,34,0,"Bitcoin Up or Down - March 19, 6:00PM-6:05PM ET"
2026-03-19 22:00:09.000,BUY,Down,0.49,36.44203,0,"Ethereum Up or Down - March 19, 6:00PM-6:05PM ET"
2026-03-19 21:59:57.000,BUY,Down,0.29,30,0,"Bitcoin Up or Down - March 19, 5:55PM-6:00PM ET"
2026-03-19 21:59:57.000,BUY,Up,0.72,63,0,"Bitcoin Up or Down - March 19, 5:55PM-6:00PM ET"
2026-03-19 21:59:57.000,BUY,Up,0.72,7,0,"Bitcoin Up or Down - March 19, 5:55PM-6:00PM ET"
2026-03-19 21:59:51.000,BUY,Down,0.31,69.99,0,"Bitcoin Up or Down - March 19, 5:55PM-6:00PM ET"
2026-03-19 21:59:49.000,BUY,Down,0.25,4.32,0,"Bitcoin Up or Down - March 19, 5:55PM-6:00PM ET"
2026-03-19 21:59:49.000,BUY,Up,0.64,5.29,0,"Bitcoin Up or Down - March 19, 5:55PM-6:00PM ET"
2026-03-19 21:59:49.000,BUY,Down,0.28,20,0,"Bitcoin Up or Down - March 19, 5:55PM-6:00PM ET"
2026-03-19 21:59:49.000,BUY,Down,0.26000000103412135,58.020269,0,"Bitcoin Up or Down - March 19, 5:55PM-6:00PM ET"
2026-03-19 21:59:49.000,BUY,Up,0.74,14.42526,0,"Bitcoin Up or Down - March 19, 5:55PM-6:00PM ET"
2026-03-19 21:59:49.000,BUY,Up,0.61,69.00957,0,"Bitcoin Up or Down - March 19, 5:55PM-6:00PM ET"
2026-03-19 21:59:49.000,BUY,Down,0.28,5,0,"Bitcoin Up or Down - March 19, 5:55PM-6:00PM ET"
2026-03-19 21:59:49.000,BUY,Down,0.2800000113909044,21.069442,0,"Bitcoin Up or Down - March 19, 5:55PM-6:00PM ET"
2026-03-19 21:59:49.000,BUY,Down,0.2800000144810953,13.81111,0,"Bitcoin Up or Down - March 19, 5:55PM-6:00PM ET"
2026-03-19 21:59:49.000,BUY,Up,0.74,69.35219,0,"Bitcoin Up or Down - March 19, 5:55PM-6:00PM ET"
2026-03-19 21:59:49.000,BUY,Down,0.26,11.97,0,"Bitcoin Up or Down - March 19, 5:55PM-6:00PM ET"
2026-03-19 21:59:49.000,BUY,Up,0.64,5.3,0,"Bitcoin Up or Down - March 19, 5:55PM-6:00PM ET"
2026-03-19 21:59:47.000,BUY,Down,0.25,1.533332,0,"Bitcoin Up or Down - March 19, 5:55PM-6:00PM ET"
2026-03-19 21:59:47.000,BUY,Up,0.8,11.9232,0,"Bitcoin Up or Down - March 19, 5:55PM-6:00PM ET"
2026-03-19 21:59:45.000,BUY,Up,0.8100001174545797,5.789472,0,"Bitcoin Up or Down - March 19, 5:55PM-6:00PM ET"
2026-03-19 21:59:45.000,BUY,Down,0.16,46.79,0,"Bitcoin Up or Down - March 19, 5:55PM-6:00PM ET"
2026-03-19 21:59:45.000,BUY,Down,0.18,69.61875,0,"Bitcoin Up or Down - March 19, 5:55PM-6:00PM ET"
2026-03-19 21:59:45.000,BUY,Down,0.16,23.21,0,"Bitcoin Up or Down - March 19, 5:55PM-6:00PM ET"
2026-03-19 21:59:45.000,BUY,Down,0.17000006495478334,2.463252,0,"Bitcoin Up or Down - March 19, 5:55PM-6:00PM ET"
2026-03-19 21:59:45.000,BUY,Down,0.17,0.4,0,"Bitcoin Up or Down - March 19, 5:55PM-6:00PM ET"
2026-03-19 21:59:45.000,BUY,Down,0.17000012071483878,1.159758,0,"Bitcoin Up or Down - March 19, 5:55PM-6:00PM ET"
2026-03-19 21:59:43.000,BUY,Up,0.83,24,0,"Bitcoin Up or Down - March 19, 5:55PM-6:00PM ET"
2026-03-19 21:59:43.000,BUY,Up,0.83,2.16,0,"Bitcoin Up or Down - March 19, 5:55PM-6:00PM ET"
2026-03-19 21:59:43.000,BUY,Up,0.83,5.85,0,"Bitcoin Up or Down - March 19, 5:55PM-6:00PM ET"
2026-03-19 21:59:43.000,BUY,Up,0.83,70,0,"Bitcoin Up or Down - March 19, 5:55PM-6:00PM ET"
2026-03-19 21:59:43.000,BUY,Up,0.84,52.08,0,"Bitcoin Up or Down - March 19, 5:55PM-6:00PM ET"
2026-03-19 21:59:43.000,BUY,Up,0.82,69.61875,0,"Bitcoin Up or Down - March 19, 5:55PM-6:00PM ET"
2026-03-19 21:59:39.000,BUY,Up,0.97,69.98519,0,"Bitcoin Up or Down - March 19, 5:55PM-6:00PM ET"
2026-03-19 21:59:35.000,BUY,Up,0.96,70,0,"Bitcoin Up or Down - March 19, 5:55PM-6:00PM ET"
2026-03-19 21:59:25.000,BUY,Up,0.94,29,0,"Bitcoin Up or Down - March 19, 5:55PM-6:00PM ET"
2026-03-19 21:59:25.000,BUY,Up,0.94,41,0,"Bitcoin Up or Down - March 19, 5:55PM-6:00PM ET"
2026-03-19 21:59:25.000,BUY,Up,0.94,70,0,"Bitcoin Up or Down - March 19, 5:55PM-6:00PM ET"
2026-03-19 21:58:31.000,BUY,Down,0.03,70,0,"Bitcoin Up or Down - March 19, 5:55PM-6:00PM ET"
2026-03-19 21:58:23.000,BUY,Up,0.95,69.96052,0,"Bitcoin Up or Down - March 19, 5:55PM-6:00PM ET"
2026-03-19 21:58:15.000,BUY,Up,0.9,1.32,0,"Bitcoin Up or Down - March 19, 5:55PM-6:00PM ET"
