#,timestamp,time_utc,side,outcome,price,size,usdc,market
1,1774039519,2026-03-20 20:45:19,BUY,Up,0.58,70.0,40.599999999999994,"Bitcoin Up or Down - March 20, 4:45PM-4:50PM ET"
2,1774039525,2026-03-20 20:45:25,BUY,Down,0.29,1.28,0.3712,"Ethereum Up or Down - March 20, 4:45PM-4:50PM ET"
3,1774039527,2026-03-20 20:45:27,BUY,Down,0.32000001329609096,21.058821,6.738822999999999,"Bitcoin Up or Down - March 20, 4:45PM-4:50PM ET"
4,1774039529,2026-03-20 20:45:29,BUY,Down,0.33,69.14451,22.8176883,"Bitcoin Up or Down - March 20, 4:45PM-4:50PM ET"
5,1774039535,2026-03-20 20:45:35,BUY,Up,0.7,18.0,12.6,"Bitcoin Up or Down - March 20, 4:45PM-4:50PM ET"
6,1774039539,2026-03-20 20:45:39,BUY,Down,0.29,5.0459499999999995,1.4633254999999998,"Bitcoin Up or Down - March 20, 4:45PM-4:50PM ET"
7,1774039541,2026-03-20 20:45:41,BUY,Down,0.34,25.0,8.5,"Ethereum Up or Down - March 20, 4:45PM-4:50PM ET"
8,1774039541,2026-03-20 20:45:41,BUY,Down,0.34,25.0,8.5,"Ethereum Up or Down - March 20, 4:45PM-4:50PM ET"
9,1774039541,2026-03-20 20:45:41,BUY,Up,0.662,49.37417,32.68570054,"Ethereum Up or Down - March 20, 4:45PM-4:50PM ET"
10,1774039541,2026-03-20 20:45:41,BUY,Up,0.68,49.40813,33.5975284,"Ethereum Up or Down - March 20, 4:45PM-4:50PM ET"
11,1774039543,2026-03-20 20:45:43,BUY,Up,0.676478,49.40128,33.418879091840004,"Ethereum Up or Down - March 20, 4:45PM-4:50PM ET"
12,1774039543,2026-03-20 20:45:43,BUY,Up,0.62801,69.04494,43.360912769399995,"Bitcoin Up or Down - March 20, 4:45PM-4:50PM ET"
13,1774039545,2026-03-20 20:45:45,BUY,Up,0.64,69.07103,44.2054592,"Bitcoin Up or Down - March 20, 4:45PM-4:50PM ET"
14,1774039545,2026-03-20 20:45:45,BUY,Up,0.65,5.0,3.25,"Bitcoin Up or Down - March 20, 4:45PM-4:50PM ET"
15,1774039545,2026-03-20 20:45:45,BUY,Up,0.65,4.0,2.6,"Bitcoin Up or Down - March 20, 4:45PM-4:50PM ET"
16,1774039545,2026-03-20 20:45:45,BUY,Up,0.6500000291666703,13.714284,8.914285,"Bitcoin Up or Down - March 20, 4:45PM-4:50PM ET"
17,1774039545,2026-03-20 20:45:45,BUY,Up,0.6500000558510698,10.742856,6.982857,"Bitcoin Up or Down - March 20, 4:45PM-4:50PM ET"
18,1774039545,2026-03-20 20:45:45,BUY,Up,0.65,2.0,1.3,"Bitcoin Up or Down - March 20, 4:45PM-4:50PM ET"
19,1774039545,2026-03-20 20:45:45,BUY,Up,0.6500001225000797,2.857141,1.857142,"Bitcoin Up or Down - March 20, 4:45PM-4:50PM ET"
20,1774039545,2026-03-20 20:45:45,BUY,Up,0.6500001000817525,3.497141,2.273142,"Bitcoin Up or Down - March 20, 4:45PM-4:50PM ET"
21,1774039545,2026-03-20 20:45:45,BUY,Up,0.65,69.09427,44.911275499999995,"Bitcoin Up or Down - March 20, 4:45PM-4:50PM ET"
22,1774039547,2026-03-20 20:45:47,BUY,Up,0.65,2.97,1.9305,"Bitcoin Up or Down - March 20, 4:45PM-4:50PM ET"
23,1774039547,2026-03-20 20:45:47,BUY,Up,0.65,25.2,16.38,"Bitcoin Up or Down - March 20, 4:45PM-4:50PM ET"
24,1774039563,2026-03-20 20:46:03,BUY,Up,0.62,69.02863,42.7977506,"Bitcoin Up or Down - March 20, 4:45PM-4:50PM ET"
25,1774039563,2026-03-20 20:46:03,BUY,Up,0.6216542857142857,69.03192,42.91398891908572,"Bitcoin Up or Down - March 20, 4:45PM-4:50PM ET"
26,1774039573,2026-03-20 20:46:13,BUY,Down,0.51,37.5,19.125,"Bitcoin Up or Down - March 20, 4:45PM-4:50PM ET"
27,1774039573,2026-03-20 20:46:13,BUY,Down,0.51,32.5,16.575,"Bitcoin Up or Down - March 20, 4:45PM-4:50PM ET"
28,1774039577,2026-03-20 20:46:17,BUY,Down,0.48,4.92213,2.3626224,"Ethereum Up or Down - March 20, 4:45PM-4:50PM ET"
29,1774039587,2026-03-20 20:46:27,BUY,Down,0.73,50.0,36.5,"Ethereum Up or Down - March 20, 4:45PM-4:50PM ET"
30,1774039587,2026-03-20 20:46:27,BUY,Down,0.74,50.0,37.0,"Ethereum Up or Down - March 20, 4:45PM-4:50PM ET"
31,1774039587,2026-03-20 20:46:27,BUY,Down,0.73,4.78,3.4894000000000003,"Ethereum Up or Down - March 20, 4:45PM-4:50PM ET"
32,1774039587,2026-03-20 20:46:27,BUY,Down,0.73,9.90288,7.2291023999999995,"Ethereum Up or Down - March 20, 4:45PM-4:50PM ET"
33,1774039587,2026-03-20 20:46:27,BUY,Down,0.75,12.76,9.57,"Ethereum Up or Down - March 20, 4:45PM-4:50PM ET"
34,1774039587,2026-03-20 20:46:27,BUY,Down,0.7464693995381062,34.32983,25.626167586345264,"Ethereum Up or Down - March 20, 4:45PM-4:50PM ET"
35,1774039589,2026-03-20 20:46:29,BUY,Down,0.74,49.53728,36.6575872,"Ethereum Up or Down - March 20, 4:45PM-4:50PM ET"
36,1774039591,2026-03-20 20:46:31,BUY,Up,0.32,5.92898,1.8972736000000001,"Ethereum Up or Down - March 20, 4:45PM-4:50PM ET"
37,1774039593,2026-03-20 20:46:33,BUY,Up,0.5,49.21875,24.609375,"Ethereum Up or Down - March 20, 4:45PM-4:50PM ET"
38,1774039595,2026-03-20 20:46:35,BUY,Up,0.51,12.0,6.12,"Ethereum Up or Down - March 20, 4:45PM-4:50PM ET"
39,1774039595,2026-03-20 20:46:35,BUY,Up,0.5,12.0,6.0,"Ethereum Up or Down - March 20, 4:45PM-4:50PM ET"
40,1774039595,2026-03-20 20:46:35,BUY,Up,0.49,8.97,4.395300000000001,"Ethereum Up or Down - March 20, 4:45PM-4:50PM ET"
41,1774039595,2026-03-20 20:46:35,BUY,Up,0.5,4.823440000000001,2.4117200000000003,"Ethereum Up or Down - March 20, 4:45PM-4:50PM ET"
42,1774039595,2026-03-20 20:46:35,BUY,Up,0.51,49.21938,25.1018838,"Ethereum Up or Down - March 20, 4:45PM-4:50PM ET"
43,1774039595,2026-03-20 20:46:35,BUY,Up,0.5,38.0,19.0,"Ethereum Up or Down - March 20, 4:45PM-4:50PM ET"
44,1774039595,2026-03-20 20:46:35,BUY,Up,0.51,26.0,13.26,"Ethereum Up or Down - March 20, 4:45PM-4:50PM ET"
45,1774039595,2026-03-20 20:46:35,BUY,Up,0.51,12.0,6.12,"Ethereum Up or Down - March 20, 4:45PM-4:50PM ET"
46,1774039601,2026-03-20 20:46:41,BUY,Up,0.647854,49.34941,31.97121266614,"Ethereum Up or Down - March 20, 4:45PM-4:50PM ET"
47,1774039603,2026-03-20 20:46:43,BUY,Up,0.66,19.3,12.738000000000001,"Ethereum Up or Down - March 20, 4:45PM-4:50PM ET"
48,1774039603,2026-03-20 20:46:43,BUY,Up,0.66,5.0,3.3000000000000003,"Ethereum Up or Down - March 20, 4:45PM-4:50PM ET"
49,1774039603,2026-03-20 20:46:43,BUY,Up,0.6569260700389105,25.37366,16.6686187463035,"Ethereum Up or Down - March 20, 4:45PM-4:50PM ET"
50,1774039603,2026-03-20 20:46:43,BUY,Up,0.65,47.9613,31.174845,"Ethereum Up or Down - March 20, 4:45PM-4:50PM ET"
51,1774039669,2026-03-20 20:47:49,BUY,Down,0.1900000068850003,24.691357,4.691358,"Bitcoin Up or Down - March 20, 4:45PM-4:50PM ET"
52,1774039669,2026-03-20 20:47:49,BUY,Down,0.2,49.55,9.91,"Bitcoin Up or Down - March 20, 4:45PM-4:50PM ET"
53,1774039669,2026-03-20 20:47:49,BUY,Down,0.2,13.45,2.69,"Bitcoin Up or Down - March 20, 4:45PM-4:50PM ET"
54,1774039669,2026-03-20 20:47:49,BUY,Down,0.2,7.0,1.4000000000000001,"Bitcoin Up or Down - March 20, 4:45PM-4:50PM ET"
55,1774039671,2026-03-20 20:47:51,BUY,Down,0.2,10.979280000000001,2.1958560000000005,"Bitcoin Up or Down - March 20, 4:45PM-4:50PM ET"
56,1774039671,2026-03-20 20:47:51,BUY,Down,0.2,3.04,0.6080000000000001,"Bitcoin Up or Down - March 20, 4:45PM-4:50PM ET"
57,1774039671,2026-03-20 20:47:51,BUY,Down,0.19,31.4,5.966,"Bitcoin Up or Down - March 20, 4:45PM-4:50PM ET"
58,1774039671,2026-03-20 20:47:51,BUY,Down,0.19000002430009647,1.234563,0.234567,"Bitcoin Up or Down - March 20, 4:45PM-4:50PM ET"
59,1774039671,2026-03-20 20:47:51,BUY,Down,0.19,5.0,0.95,"Bitcoin Up or Down - March 20, 4:45PM-4:50PM ET"
60,1774039671,2026-03-20 20:47:51,BUY,Down,0.19000001477204517,4.061726,0.771728,"Bitcoin Up or Down - March 20, 4:45PM-4:50PM ET"
61,1774039671,2026-03-20 20:47:51,BUY,Down,0.19,1.5,0.28500000000000003,"Bitcoin Up or Down - March 20, 4:45PM-4:50PM ET"
62,1774039671,2026-03-20 20:47:51,BUY,Down,0.19,2.09,0.39709999999999995,"Bitcoin Up or Down - March 20, 4:45PM-4:50PM ET"
63,1774039675,2026-03-20 20:47:55,BUY,Up,0.8200005321746534,1.277776,1.047777,"Bitcoin Up or Down - March 20, 4:45PM-4:50PM ET"
64,1774039677,2026-03-20 20:47:57,BUY,Down,0.15,69.71552,10.457327999999999,"Bitcoin Up or Down - March 20, 4:45PM-4:50PM ET"
65,1774039677,2026-03-20 20:47:57,BUY,Down,0.13000000286813218,10.459769,1.35977,"Bitcoin Up or Down - March 20, 4:45PM-4:50PM ET"
66,1774039677,2026-03-20 20:47:57,BUY,Down,0.13,10.0,1.3,"Bitcoin Up or Down - March 20, 4:45PM-4:50PM ET"
67,1774039677,2026-03-20 20:47:57,BUY,Down,0.13,6.1,0.7929999999999999,"Bitcoin Up or Down - March 20, 4:45PM-4:50PM ET"
68,1774039677,2026-03-20 20:47:57,BUY,Down,0.1300000138095361,5.068961,0.6589649999999999,"Bitcoin Up or Down - March 20, 4:45PM-4:50PM ET"
69,1774039677,2026-03-20 20:47:57,BUY,Down,0.1300000009724294,30.850569,4.010574,"Bitcoin Up or Down - March 20, 4:45PM-4:50PM ET"
70,1774039677,2026-03-20 20:47:57,BUY,Down,0.13000000266462522,7.505746,0.9757470000000001,"Bitcoin Up or Down - March 20, 4:45PM-4:50PM ET"
71,1774039679,2026-03-20 20:47:59,BUY,Down,0.11000000691349456,11.571572,1.272873,"Bitcoin Up or Down - March 20, 4:45PM-4:50PM ET"
72,1774039681,2026-03-20 20:48:01,BUY,Down,0.11,16.66,1.8326,"Bitcoin Up or Down - March 20, 4:45PM-4:50PM ET"
73,1774039681,2026-03-20 20:48:01,BUY,Down,0.11,10.0,1.1,"Bitcoin Up or Down - March 20, 4:45PM-4:50PM ET"
74,1774039681,2026-03-20 20:48:01,BUY,Down,0.1100000890004361,1.12359,0.12359500000000001,"Bitcoin Up or Down - March 20, 4:45PM-4:50PM ET"
75,1774039685,2026-03-20 20:48:05,BUY,Down,0.09,5.91,0.5319,"Bitcoin Up or Down - March 20, 4:45PM-4:50PM ET"
76,1774039685,2026-03-20 20:48:05,BUY,Down,0.09,47.81,4.3029,"Bitcoin Up or Down - March 20, 4:45PM-4:50PM ET"
77,1774039685,2026-03-20 20:48:05,BUY,Down,0.13000000174000104,5.747123,0.747126,"Bitcoin Up or Down - March 20, 4:45PM-4:50PM ET"
78,1774039685,2026-03-20 20:48:05,BUY,Down,0.13,5.55,0.7215,"Bitcoin Up or Down - March 20, 4:45PM-4:50PM ET"
79,1774039685,2026-03-20 20:48:05,BUY,Down,0.14,16.95,2.373,"Bitcoin Up or Down - March 20, 4:45PM-4:50PM ET"
80,1774039685,2026-03-20 20:48:05,BUY,Down,0.13,4.95,0.6435000000000001,"Bitcoin Up or Down - March 20, 4:45PM-4:50PM ET"
81,1774039685,2026-03-20 20:48:05,BUY,Down,0.13000000174000104,11.494246,1.494252,"Bitcoin Up or Down - March 20, 4:45PM-4:50PM ET"
82,1774039685,2026-03-20 20:48:05,BUY,Down,0.13,21.02,2.7326,"Bitcoin Up or Down - March 20, 4:45PM-4:50PM ET"
83,1774039685,2026-03-20 20:48:05,BUY,Down,0.13000000644444917,9.310338,1.210344,"Bitcoin Up or Down - March 20, 4:45PM-4:50PM ET"
84,1774039687,2026-03-20 20:48:07,BUY,Down,0.09,28.21,2.5389,"Bitcoin Up or Down - March 20, 4:45PM-4:50PM ET"
85,1774039695,2026-03-20 20:48:15,,,0.0,504.529988,0.0,"Bitcoin Up or Down - March 20, 4:45PM-4:50PM ET"
86,1774039711,2026-03-20 20:48:31,BUY,Up,0.89,31.36,27.9104,"Bitcoin Up or Down - March 20, 4:45PM-4:50PM ET"
87,1774039713,2026-03-20 20:48:33,BUY,Up,0.8900000980787769,8.564544,7.622445,"Bitcoin Up or Down - March 20, 4:45PM-4:50PM ET"
88,1774039713,2026-03-20 20:48:33,BUY,Up,0.89,1.57,1.3973,"Bitcoin Up or Down - March 20, 4:45PM-4:50PM ET"
89,1774039715,2026-03-20 20:48:35,BUY,Up,0.9,48.0,43.2,"Bitcoin Up or Down - March 20, 4:45PM-4:50PM ET"
90,1774039715,2026-03-20 20:48:35,BUY,Up,0.9,22.0,19.8,"Bitcoin Up or Down - March 20, 4:45PM-4:50PM ET"
91,1774039717,2026-03-20 20:48:37,BUY,Up,0.92,13.75,12.65,"Bitcoin Up or Down - March 20, 4:45PM-4:50PM ET"
92,1774039717,2026-03-20 20:48:37,BUY,Up,0.92,1.9973,1.8375160000000001,"Bitcoin Up or Down - March 20, 4:45PM-4:50PM ET"
93,1774039719,2026-03-20 20:48:39,BUY,Up,0.89,70.0,62.300000000000004,"Bitcoin Up or Down - March 20, 4:45PM-4:50PM ET"
94,1774039719,2026-03-20 20:48:39,BUY,Up,0.9,70.0,63.0,"Bitcoin Up or Down - March 20, 4:45PM-4:50PM ET"
95,1774039719,2026-03-20 20:48:39,BUY,Up,0.91,70.0,63.7,"Bitcoin Up or Down - March 20, 4:45PM-4:50PM ET"
96,1774039719,2026-03-20 20:48:39,BUY,Up,0.92,54.25,49.910000000000004,"Bitcoin Up or Down - March 20, 4:45PM-4:50PM ET"
97,1774039719,2026-03-20 20:48:39,BUY,Up,0.92,36.0,33.120000000000005,"Bitcoin Up or Down - March 20, 4:45PM-4:50PM ET"
98,1774039719,2026-03-20 20:48:39,BUY,Up,0.92,34.0,31.28,"Bitcoin Up or Down - March 20, 4:45PM-4:50PM ET"
99,1774039729,2026-03-20 20:48:49,BUY,Down,0.04,59.97789,2.3991156,"Bitcoin Up or Down - March 20, 4:45PM-4:50PM ET"
100,1774039729,2026-03-20 20:48:49,BUY,Down,0.05,69.96052,3.4980260000000003,"Bitcoin Up or Down - March 20, 4:45PM-4:50PM ET"
101,1774039731,2026-03-20 20:48:51,BUY,Up,0.95,22.0,20.9,"Bitcoin Up or Down - March 20, 4:45PM-4:50PM ET"
102,1774039731,2026-03-20 20:48:51,BUY,Down,0.02,70.0,1.4000000000000001,"Bitcoin Up or Down - March 20, 4:45PM-4:50PM ET"
103,1774039731,2026-03-20 20:48:51,BUY,Down,0.03,70.0,2.1,"Bitcoin Up or Down - March 20, 4:45PM-4:50PM ET"
104,1774039731,2026-03-20 20:48:51,BUY,Up,0.95,17.0,16.15,"Bitcoin Up or Down - March 20, 4:45PM-4:50PM ET"
105,1774039731,2026-03-20 20:48:51,BUY,Up,0.95,29.0,27.549999999999997,"Bitcoin Up or Down - March 20, 4:45PM-4:50PM ET"
106,1774039731,2026-03-20 20:48:51,BUY,Up,0.95,2.0,1.9,"Bitcoin Up or Down - March 20, 4:45PM-4:50PM ET"
107,1774039743,2026-03-20 20:49:03,BUY,Up,0.98,8.58,8.4084,"Bitcoin Up or Down - March 20, 4:45PM-4:50PM ET"
108,1774039743,2026-03-20 20:49:03,BUY,Up,0.98,7.4,7.252,"Bitcoin Up or Down - March 20, 4:45PM-4:50PM ET"
109,1774039743,2026-03-20 20:49:03,BUY,Up,0.98,1.28,1.2544,"Bitcoin Up or Down - March 20, 4:45PM-4:50PM ET"
110,1774039745,2026-03-20 20:49:05,BUY,Up,0.98,12.0,11.76,"Bitcoin Up or Down - March 20, 4:45PM-4:50PM ET"
111,1774039745,2026-03-20 20:49:05,BUY,Up,0.98,3.53,3.4593999999999996,"Bitcoin Up or Down - March 20, 4:45PM-4:50PM ET"
112,1774039745,2026-03-20 20:49:05,BUY,Up,0.98,1.84,1.8032000000000001,"Bitcoin Up or Down - March 20, 4:45PM-4:50PM ET"
113,1774039747,2026-03-20 20:49:07,BUY,Up,0.98,35.37,34.6626,"Bitcoin Up or Down - March 20, 4:45PM-4:50PM ET"
114,1774039751,2026-03-20 20:49:11,BUY,Up,0.99,9.65,9.5535,"Bitcoin Up or Down - March 20, 4:45PM-4:50PM ET"
115,1774039753,2026-03-20 20:49:13,BUY,Up,0.99,1.04,1.0296,"Bitcoin Up or Down - March 20, 4:45PM-4:50PM ET"
116,1774039753,2026-03-20 20:49:13,BUY,Up,0.99,0.66,0.6534,"Bitcoin Up or Down - March 20, 4:45PM-4:50PM ET"
117,1774039753,2026-03-20 20:49:13,BUY,Up,0.99,1.03,1.0197,"Bitcoin Up or Down - March 20, 4:45PM-4:50PM ET"
118,1774039753,2026-03-20 20:49:13,,,0.0,531.491844,0.0,"Bitcoin Up or Down - March 20, 4:45PM-4:50PM ET"
119,1774039753,2026-03-20 20:49:13,BUY,Up,0.99,55.37,54.8163,"Bitcoin Up or Down - March 20, 4:45PM-4:50PM ET"
120,1774039753,2026-03-20 20:49:13,BUY,Up,0.99,2.25,2.2275,"Bitcoin Up or Down - March 20, 4:45PM-4:50PM ET"
121,1774039763,2026-03-20 20:49:23,BUY,Up,0.99,70.0,69.3,"Bitcoin Up or Down - March 20, 4:45PM-4:50PM ET"
122,1774039807,2026-03-20 20:50:07,BUY,Up,0.63,46.450340000000004,29.263714200000003,"Ethereum Up or Down - March 20, 4:50PM-4:55PM ET"
123,1774039809,2026-03-20 20:50:09,BUY,Up,0.65,50.0,32.5,"Ethereum Up or Down - March 20, 4:50PM-4:55PM ET"
124,1774039809,2026-03-20 20:50:09,BUY,Up,0.6400000622702932,5.138887,3.2888880000000005,"Ethereum Up or Down - March 20, 4:50PM-4:55PM ET"
125,1774039809,2026-03-20 20:50:09,BUY,Up,0.64,4.86,3.1104000000000003,"Ethereum Up or Down - March 20, 4:50PM-4:55PM ET"
126,1774039809,2026-03-20 20:50:09,BUY,Down,0.34,49.37056,16.7859904,"Ethereum Up or Down - March 20, 4:50PM-4:55PM ET"
127,1774039809,2026-03-20 20:50:09,BUY,Up,0.63,49.32081,31.072110300000002,"Ethereum Up or Down - March 20, 4:50PM-4:55PM ET"
128,1774039811,2026-03-20 20:50:11,BUY,Up,0.59,5.0,2.9499999999999997,"Bitcoin Up or Down - March 20, 4:50PM-4:55PM ET"
129,1774039811,2026-03-20 20:50:11,BUY,Down,0.39,36.8,14.351999999999999,"Bitcoin Up or Down - March 20, 4:50PM-4:55PM ET"
130,1774039811,2026-03-20 20:50:11,BUY,Up,0.59,40.42,23.8478,"Bitcoin Up or Down - March 20, 4:50PM-4:55PM ET"
131,1774039811,2026-03-20 20:50:11,BUY,Up,0.59,5.0,2.9499999999999997,"Bitcoin Up or Down - March 20, 4:50PM-4:55PM ET"
132,1774039811,2026-03-20 20:50:11,BUY,Up,0.5900001250355116,3.439023,2.029024,"Bitcoin Up or Down - March 20, 4:50PM-4:55PM ET"
133,1774039811,2026-03-20 20:50:11,BUY,Up,0.59,6.14,3.6226,"Bitcoin Up or Down - March 20, 4:50PM-4:55PM ET"
134,1774039811,2026-03-20 20:50:11,BUY,Up,0.59,5.0,2.9499999999999997,"Bitcoin Up or Down - March 20, 4:50PM-4:55PM ET"
135,1774039811,2026-03-20 20:50:11,BUY,Up,0.59,5.0,2.9499999999999997,"Bitcoin Up or Down - March 20, 4:50PM-4:55PM ET"
136,1774039811,2026-03-20 20:50:11,BUY,Down,0.4,68.992,27.5968,"Bitcoin Up or Down - March 20, 4:50PM-4:55PM ET"
137,1774039811,2026-03-20 20:50:11,BUY,Down,0.28,13.5,3.7800000000000002,"Ethereum Up or Down - March 20, 4:50PM-4:55PM ET"
138,1774039811,2026-03-20 20:50:11,BUY,Down,0.37886714285714285,69.03088,26.153532274514284,"Bitcoin Up or Down - March 20, 4:50PM-4:55PM ET"
139,1774039811,2026-03-20 20:50:11,BUY,Down,0.28,31.866525,8.922627,"Ethereum Up or Down - March 20, 4:50PM-4:55PM ET"
140,1774039811,2026-03-20 20:50:11,BUY,Down,0.4,70.0,28.0,"Bitcoin Up or Down - March 20, 4:50PM-4:55PM ET"
141,1774039811,2026-03-20 20:50:11,BUY,Down,0.40349142857142856,68.98623,27.835352494457144,"Bitcoin Up or Down - March 20, 4:50PM-4:55PM ET"
142,1774039811,2026-03-20 20:50:11,BUY,Up,0.64,40.0,25.6,"Ethereum Up or Down - March 20, 4:50PM-4:55PM ET"
143,1774039813,2026-03-20 20:50:13,BUY,Down,0.3900000108442306,33.197376,12.946976999999999,"Bitcoin Up or Down - March 20, 4:50PM-4:55PM ET"
144,1774039813,2026-03-20 20:50:13,BUY,Down,0.3700000398041437,8.039364,2.974565,"Bitcoin Up or Down - March 20, 4:50PM-4:55PM ET"
145,1774039813,2026-03-20 20:50:13,BUY,Down,0.3700000356835987,8.126983,3.0069839999999997,"Bitcoin Up or Down - March 20, 4:50PM-4:55PM ET"
146,1774039817,2026-03-20 20:50:17,BUY,Down,0.25,13.906664,3.476666,"Ethereum Up or Down - March 20, 4:50PM-4:55PM ET"
147,1774039817,2026-03-20 20:50:17,BUY,Down,0.25,6.08,1.52,"Ethereum Up or Down - March 20, 4:50PM-4:55PM ET"
148,1774039821,2026-03-20 20:50:21,BUY,Up,0.61,70.0,42.699999999999996,"Bitcoin Up or Down - March 20, 4:50PM-4:55PM ET"
149,1774039827,2026-03-20 20:50:27,BUY,Up,0.6400000250413045,12.778887,8.178488,"Bitcoin Up or Down - March 20, 4:50PM-4:55PM ET"
150,1774039833,2026-03-20 20:50:33,BUY,Down,0.31000000828000324,3.623187,1.123188,"Bitcoin Up or Down - March 20, 4:50PM-4:55PM ET"
151,1774039833,2026-03-20 20:50:33,BUY,Down,0.32,65.82151,21.0628832,"Bitcoin Up or Down - March 20, 4:50PM-4:55PM ET"
152,1774039841,2026-03-20 20:50:41,BUY,Down,0.28,4.9492,1.3857760000000001,"Ethereum Up or Down - March 20, 4:50PM-4:55PM ET"
153,1774039841,2026-03-20 20:50:41,BUY,Up,0.68,5.46875,3.7187500000000004,"Bitcoin Up or Down - March 20, 4:50PM-4:55PM ET"
154,1774039855,2026-03-20 20:50:55,BUY,Up,0.58,70.0,40.599999999999994,"Bitcoin Up or Down - March 20, 4:50PM-4:55PM ET"
155,1774039869,2026-03-20 20:51:09,BUY,Down,0.31,5.17018,1.6027558,"Ethereum Up or Down - March 20, 4:50PM-4:55PM ET"
156,1774039875,2026-03-20 20:51:15,BUY,Up,0.55,70.0,38.5,"Bitcoin Up or Down - March 20, 4:50PM-4:55PM ET"
157,1774039879,2026-03-20 20:51:19,BUY,Up,0.53,4.0,2.12,"Bitcoin Up or Down - March 20, 4:50PM-4:55PM ET"
158,1774039879,2026-03-20 20:51:19,BUY,Up,0.53,14.27507,7.5657871000000005,"Bitcoin Up or Down - March 20, 4:50PM-4:55PM ET"
159,1774039879,2026-03-20 20:51:19,BUY,Up,0.53,3.0,1.59,"Bitcoin Up or Down - March 20, 4:50PM-4:55PM ET"
160,1774039887,2026-03-20 20:51:27,BUY,Down,0.29,20.2,5.858,"Ethereum Up or Down - March 20, 4:50PM-4:55PM ET"
161,1774039887,2026-03-20 20:51:27,BUY,Down,0.29,7.5,2.175,"Ethereum Up or Down - March 20, 4:50PM-4:55PM ET"
162,1774039887,2026-03-20 20:51:27,BUY,Down,0.29,2.3,0.6669999999999999,"Ethereum Up or Down - March 20, 4:50PM-4:55PM ET"
163,1774039887,2026-03-20 20:51:27,BUY,Down,0.29,20.0,5.8,"Ethereum Up or Down - March 20, 4:50PM-4:55PM ET"
164,1774039891,2026-03-20 20:51:31,BUY,Down,0.43,68.94871,29.647945300000003,"Bitcoin Up or Down - March 20, 4:50PM-4:55PM ET"
165,1774039893,2026-03-20 20:51:33,BUY,Down,0.33,49.38894,16.2983502,"Ethereum Up or Down - March 20, 4:50PM-4:55PM ET"
166,1774039895,2026-03-20 20:51:35,BUY,Up,0.65,4.93531,3.2079515000000005,"Ethereum Up or Down - March 20, 4:50PM-4:55PM ET"
167,1774039895,2026-03-20 20:51:35,BUY,Up,0.66,9.725999999999999,6.41916,"Ethereum Up or Down - March 20, 4:50PM-4:55PM ET"
168,1774039901,2026-03-20 20:51:41,BUY,Up,0.67,42.47449,28.457908300000003,"Bitcoin Up or Down - March 20, 4:50PM-4:55PM ET"
169,1774039903,2026-03-20 20:51:43,BUY,Down,0.31,70.0,21.7,"Bitcoin Up or Down - March 20, 4:50PM-4:55PM ET"
170,1774039903,2026-03-20 20:51:43,BUY,Down,0.31,66.34,20.5654,"Bitcoin Up or Down - March 20, 4:50PM-4:55PM ET"
171,1774039903,2026-03-20 20:51:43,BUY,Down,0.3300000236868918,2.955221,0.9752230000000001,"Bitcoin Up or Down - March 20, 4:50PM-4:55PM ET"
172,1774039913,2026-03-20 20:51:53,BUY,Up,0.59,47.15987,27.824323299999996,"Bitcoin Up or Down - March 20, 4:50PM-4:55PM ET"
173,1774039913,2026-03-20 20:51:53,BUY,Up,0.5900000943651326,3.073169,1.8131700000000002,"Bitcoin Up or Down - March 20, 4:50PM-4:55PM ET"
174,1774039913,2026-03-20 20:51:53,BUY,Up,0.59,1.25,0.7374999999999999,"Bitcoin Up or Down - March 20, 4:50PM-4:55PM ET"
175,1774039913,2026-03-20 20:51:53,BUY,Up,0.5900000308819521,17.809755,10.507756,"Bitcoin Up or Down - March 20, 4:50PM-4:55PM ET"
176,1774039923,2026-03-20 20:52:03,BUY,Down,0.29000005680010904,1.408448,0.40845,"Bitcoin Up or Down - March 20, 4:50PM-4:55PM ET"
177,1774039923,2026-03-20 20:52:03,BUY,Down,0.29,10.0,2.9,"Bitcoin Up or Down - March 20, 4:50PM-4:55PM ET"
178,1774039923,2026-03-20 20:52:03,BUY,Down,0.29,1.6,0.46399999999999997,"Bitcoin Up or Down - March 20, 4:50PM-4:55PM ET"
179,1774039925,2026-03-20 20:52:05,BUY,Down,0.2900000372831116,6.169013,1.7890139999999999,"Bitcoin Up or Down - March 20, 4:50PM-4:55PM ET"
180,1774039925,2026-03-20 20:52:05,BUY,Down,0.29,6.0,1.7399999999999998,"Bitcoin Up or Down - March 20, 4:50PM-4:55PM ET"
181,1774039925,2026-03-20 20:52:05,BUY,Down,0.29,69.2581,20.084849,"Bitcoin Up or Down - March 20, 4:50PM-4:55PM ET"
182,1774039925,2026-03-20 20:52:05,BUY,Down,0.29000000369111156,27.09211,7.856712000000001,"Bitcoin Up or Down - March 20, 4:50PM-4:55PM ET"
183,1774039925,2026-03-20 20:52:05,BUY,Down,0.29,5.0,1.45,"Bitcoin Up or Down - March 20, 4:50PM-4:55PM ET"
184,1774039927,2026-03-20 20:52:07,BUY,Down,0.28,9.67074,2.7078072000000004,"Bitcoin Up or Down - March 20, 4:50PM-4:55PM ET"
185,1774039939,2026-03-20 20:52:19,BUY,Up,0.530000003263889,45.957445,24.357445999999996,"Ethereum Up or Down - March 20, 4:50PM-4:55PM ET"
186,1774039945,2026-03-20 20:52:25,BUY,Up,0.46000001603961144,3.740739,1.7207400000000002,"Ethereum Up or Down - March 20, 4:50PM-4:55PM ET"
187,1774039945,2026-03-20 20:52:25,BUY,Up,0.460000075130457,4.259258,1.9592589999999999,"Ethereum Up or Down - March 20, 4:50PM-4:55PM ET"
188,1774039947,2026-03-20 20:52:27,BUY,Up,0.55,70.0,38.5,"Bitcoin Up or Down - March 20, 4:50PM-4:55PM ET"
189,1774039947,2026-03-20 20:52:27,BUY,Up,0.55,9.1,5.005,"Bitcoin Up or Down - March 20, 4:50PM-4:55PM ET"
190,1774039947,2026-03-20 20:52:27,BUY,Up,0.55,6.0,3.3000000000000003,"Bitcoin Up or Down - March 20, 4:50PM-4:55PM ET"
191,1774039947,2026-03-20 20:52:27,BUY,Up,0.5600001936001084,2.272726,1.2727270000000002,"Bitcoin Up or Down - March 20, 4:50PM-4:55PM ET"
192,1774039947,2026-03-20 20:52:27,BUY,Up,0.56,22.73,12.728800000000001,"Bitcoin Up or Down - March 20, 4:50PM-4:55PM ET"
193,1774039947,2026-03-20 20:52:27,BUY,Up,0.5600000968808015,2.477271,1.387272,"Bitcoin Up or Down - March 20, 4:50PM-4:55PM ET"
194,1774039947,2026-03-20 20:52:27,BUY,Up,0.5600001132673537,4.590908,2.570909,"Bitcoin Up or Down - March 20, 4:50PM-4:55PM ET"
195,1774039947,2026-03-20 20:52:27,BUY,Up,0.5600000343414775,4.659089,2.60909,"Bitcoin Up or Down - March 20, 4:50PM-4:55PM ET"
196,1774039947,2026-03-20 20:52:27,BUY,Up,0.56,2.51,1.4056,"Bitcoin Up or Down - March 20, 4:50PM-4:55PM ET"
197,1774039947,2026-03-20 20:52:27,BUY,Up,0.57,68.94871,39.3007647,"Bitcoin Up or Down - March 20, 4:50PM-4:55PM ET"
198,1774039947,2026-03-20 20:52:27,BUY,Up,0.56,3.0,1.6800000000000002,"Bitcoin Up or Down - March 20, 4:50PM-4:55PM ET"
199,1774039947,2026-03-20 20:52:27,BUY,Up,0.56,3.0,1.6800000000000002,"Bitcoin Up or Down - March 20, 4:50PM-4:55PM ET"
200,1774039947,2026-03-20 20:52:27,BUY,Up,0.5600000213981774,22.431817,12.561817999999999,"Bitcoin Up or Down - March 20, 4:50PM-4:55PM ET"
201,1774039949,2026-03-20 20:52:29,BUY,Up,0.4700000621787984,3.377357,1.587358,"Ethereum Up or Down - March 20, 4:50PM-4:55PM ET"
202,1774039953,2026-03-20 20:52:33,BUY,Up,0.53,56.37175,29.8770275,"Bitcoin Up or Down - March 20, 4:50PM-4:55PM ET"
203,1774039953,2026-03-20 20:52:33,BUY,Up,0.53,5.0,2.6500000000000004,"Bitcoin Up or Down - March 20, 4:50PM-4:55PM ET"
204,1774039955,2026-03-20 20:52:35,BUY,Down,0.46,49.22872,22.645211200000002,"Ethereum Up or Down - March 20, 4:50PM-4:55PM ET"
205,1774039955,2026-03-20 20:52:35,BUY,Up,0.49,6.20165,3.0388085,"Ethereum Up or Down - March 20, 4:50PM-4:55PM ET"
206,1774039955,2026-03-20 20:52:35,BUY,Up,0.55,68.92802,37.910411,"Bitcoin Up or Down - March 20, 4:50PM-4:55PM ET"
207,1774039957,2026-03-20 20:52:37,BUY,Up,0.51,19.68775,10.0407525,"Ethereum Up or Down - March 20, 4:50PM-4:55PM ET"
208,1774039965,2026-03-20 20:52:45,BUY,Up,0.52,3.0221899999999997,1.5715388,"Ethereum Up or Down - March 20, 4:50PM-4:55PM ET"
209,1774039965,2026-03-20 20:52:45,,,0.0,653.009535,0.0,"Bitcoin Up or Down - March 20, 4:50PM-4:55PM ET"
210,1774039965,2026-03-20 20:52:45,BUY,Up,0.5,45.232040000000005,22.616020000000002,"Bitcoin Up or Down - March 20, 4:50PM-4:55PM ET"
211,1774039979,2026-03-20 20:52:59,BUY,Down,0.33,33.27827,10.9818291,"Ethereum Up or Down - March 20, 4:50PM-4:55PM ET"
212,1774039979,2026-03-20 20:52:59,BUY,Down,0.34,13.468290000000001,4.579218600000001,"Ethereum Up or Down - March 20, 4:50PM-4:55PM ET"
213,1774039981,2026-03-20 20:53:01,BUY,Up,0.54,50.0,27.0,"Ethereum Up or Down - March 20, 4:50PM-4:55PM ET"
214,1774039981,2026-03-20 20:53:01,BUY,Down,0.43,24.97914,10.7410302,"Bitcoin Up or Down - March 20, 4:50PM-4:55PM ET"
215,1774039981,2026-03-20 20:53:01,BUY,Down,0.4200001516340464,2.63793,1.107931,"Bitcoin Up or Down - March 20, 4:50PM-4:55PM ET"
216,1774039983,2026-03-20 20:53:03,BUY,Up,0.45,50.0,22.5,"Ethereum Up or Down - March 20, 4:50PM-4:55PM ET"
217,1774039983,2026-03-20 20:53:03,BUY,Up,0.46,50.0,23.0,"Ethereum Up or Down - March 20, 4:50PM-4:55PM ET"
218,1774039983,2026-03-20 20:53:03,BUY,Up,0.47,49.22437,23.135453899999998,"Ethereum Up or Down - March 20, 4:50PM-4:55PM ET"
219,1774039985,2026-03-20 20:53:05,BUY,Up,0.4700000140317707,24.943395,11.723396,"Bitcoin Up or Down - March 20, 4:50PM-4:55PM ET"
220,1774039985,2026-03-20 20:53:05,BUY,Up,0.4700000796732427,5.773582,2.713584,"Bitcoin Up or Down - March 20, 4:50PM-4:55PM ET"
221,1774039985,2026-03-20 20:53:05,BUY,Up,0.47,0.1,0.047,"Bitcoin Up or Down - March 20, 4:50PM-4:55PM ET"
222,1774039985,2026-03-20 20:53:05,BUY,Up,0.4700000512903327,6.433961,3.023962,"Bitcoin Up or Down - March 20, 4:50PM-4:55PM ET"
223,1774039985,2026-03-20 20:53:05,BUY,Up,0.47000002023636656,10.377357,4.877358,"Bitcoin Up or Down - March 20, 4:50PM-4:55PM ET"
224,1774039987,2026-03-20 20:53:07,BUY,Up,0.47,12.42,5.8374,"Bitcoin Up or Down - March 20, 4:50PM-4:55PM ET"
225,1774039987,2026-03-20 20:53:07,BUY,Up,0.46000007494549056,5.604073,2.577874,"Bitcoin Up or Down - March 20, 4:50PM-4:55PM ET"
226,1774039987,2026-03-20 20:53:07,BUY,Up,0.46,5.0,2.3000000000000003,"Bitcoin Up or Down - March 20, 4:50PM-4:55PM ET"
227,1774039987,2026-03-20 20:53:07,BUY,Up,0.47000001913794054,9.927923,4.666124,"Bitcoin Up or Down - March 20, 4:50PM-4:55PM ET"
228,1774039987,2026-03-20 20:53:07,BUY,Up,0.46,59.39,27.3194,"Bitcoin Up or Down - March 20, 4:50PM-4:55PM ET"
229,1774039989,2026-03-20 20:53:09,,,0.0,210.0,0.0,"Bitcoin Up or Down - March 20, 4:45PM-4:50PM ET"
230,1774039989,2026-03-20 20:53:09,,,0.0,288.590049,0.0,"Bitcoin Up or Down - March 20, 4:35PM-4:40PM ET"
231,1774039989,2026-03-20 20:53:09,,,0.0,513.3285,0.0,"Ethereum Up or Down - March 20, 4:45PM-4:50PM ET"
232,1774039989,2026-03-20 20:53:09,,,0.0,199.351975,0.0,"Ethereum Up or Down - March 20, 4:40PM-4:45PM ET"
233,1774039989,2026-03-20 20:53:09,,,0.0,284.773843,0.0,"Bitcoin Up or Down - March 20, 4:40PM-4:45PM ET"
234,1774039989,2026-03-20 20:53:09,,,0.0,341.29284,0.0,"Ethereum Up or Down - March 20, 4:35PM-4:40PM ET"
235,1774039989,2026-03-20 20:53:09,BUY,Up,0.48,9.43,4.5264,"Bitcoin Up or Down - March 20, 4:50PM-4:55PM ET"
236,1774039989,2026-03-20 20:53:09,BUY,Up,0.47,47.03,22.1041,"Bitcoin Up or Down - March 20, 4:50PM-4:55PM ET"
237,1774039989,2026-03-20 20:53:09,BUY,Up,0.48,70.0,33.6,"Bitcoin Up or Down - March 20, 4:50PM-4:55PM ET"
238,1774039991,2026-03-20 20:53:11,BUY,Up,0.48,1.75,0.84,"Bitcoin Up or Down - March 20, 4:50PM-4:55PM ET"
239,1774039991,2026-03-20 20:53:11,BUY,Up,0.48000001768858214,9.045383,4.341784,"Bitcoin Up or Down - March 20, 4:50PM-4:55PM ET"
240,1774040013,2026-03-20 20:53:33,BUY,Up,0.3,24.26,7.2780000000000005,"Ethereum Up or Down - March 20, 4:50PM-4:55PM ET"
241,1774040013,2026-03-20 20:53:33,BUY,Up,0.32,50.0,16.0,"Ethereum Up or Down - March 20, 4:50PM-4:55PM ET"
242,1774040021,2026-03-20 20:53:41,BUY,Down,0.58,18.92,10.9736,"Ethereum Up or Down - March 20, 4:50PM-4:55PM ET"
243,1774040021,2026-03-20 20:53:41,BUY,Down,0.5800000119000006,28.571427,16.571427999999997,"Ethereum Up or Down - March 20, 4:50PM-4:55PM ET"
244,1774040021,2026-03-20 20:53:41,BUY,Up,0.36,49.11937,17.6829732,"Bitcoin Up or Down - March 20, 4:50PM-4:55PM ET"
245,1774040021,2026-03-20 20:53:41,BUY,Down,0.58,2.5,1.45,"Ethereum Up or Down - March 20, 4:50PM-4:55PM ET"
246,1774040025,2026-03-20 20:53:45,BUY,Down,0.4800000360693686,9.980768,4.790768999999999,"Ethereum Up or Down - March 20, 4:50PM-4:55PM ET"
247,1774040035,2026-03-20 20:53:55,BUY,Down,0.43,16.32,7.0176,"Ethereum Up or Down - March 20, 4:50PM-4:55PM ET"
248,1774040037,2026-03-20 20:53:57,BUY,Down,0.44,37.71868,16.5962192,"Ethereum Up or Down - March 20, 4:50PM-4:55PM ET"
249,1774040039,2026-03-20 20:53:59,BUY,Down,0.45,70.0,31.5,"Bitcoin Up or Down - March 20, 4:50PM-4:55PM ET"
250,1774040043,2026-03-20 20:54:03,BUY,Down,0.48,50.0,24.0,"Ethereum Up or Down - March 20, 4:50PM-4:55PM ET"
251,1774040043,2026-03-20 20:54:03,BUY,Down,0.49,30.0,14.7,"Ethereum Up or Down - March 20, 4:50PM-4:55PM ET"
252,1774040043,2026-03-20 20:54:03,BUY,Down,0.49,19.68775,9.646997500000001,"Ethereum Up or Down - March 20, 4:50PM-4:55PM ET"
253,1774040043,2026-03-20 20:54:03,BUY,Down,0.47,49.22437,23.135453899999998,"Ethereum Up or Down - March 20, 4:50PM-4:55PM ET"
254,1774040043,2026-03-20 20:54:03,BUY,Up,0.54,4.92288,2.6583552000000004,"Ethereum Up or Down - March 20, 4:50PM-4:55PM ET"
255,1774040043,2026-03-20 20:54:03,BUY,Up,0.51,50.0,25.5,"Ethereum Up or Down - March 20, 4:50PM-4:55PM ET"
256,1774040047,2026-03-20 20:54:07,BUY,Up,0.56,50.0,28.000000000000004,"Ethereum Up or Down - March 20, 4:50PM-4:55PM ET"
257,1774040047,2026-03-20 20:54:07,BUY,Down,0.48,68.90975,33.07668,"Bitcoin Up or Down - March 20, 4:50PM-4:55PM ET"
258,1774040047,2026-03-20 20:54:07,BUY,Down,0.46,4.28,1.9688,"Bitcoin Up or Down - March 20, 4:50PM-4:55PM ET"
259,1774040047,2026-03-20 20:54:07,BUY,Down,0.44,38.40805,16.899542,"Ethereum Up or Down - March 20, 4:50PM-4:55PM ET"
260,1774040047,2026-03-20 20:54:07,BUY,Down,0.4256714285714286,68.95406,29.351773226,"Bitcoin Up or Down - March 20, 4:50PM-4:55PM ET"
261,1774040049,2026-03-20 20:54:09,BUY,Down,0.43,31.84,13.6912,"Bitcoin Up or Down - March 20, 4:50PM-4:55PM ET"
262,1774040049,2026-03-20 20:54:09,BUY,Down,0.43,6.0,2.58,"Bitcoin Up or Down - March 20, 4:50PM-4:55PM ET"
263,1774040049,2026-03-20 20:54:09,BUY,Down,0.43,6.0,2.58,"Bitcoin Up or Down - March 20, 4:50PM-4:55PM ET"
264,1774040049,2026-03-20 20:54:09,BUY,Down,0.4400001568001129,1.785713,0.785714,"Bitcoin Up or Down - March 20, 4:50PM-4:55PM ET"
265,1774040049,2026-03-20 20:54:09,BUY,Down,0.44,29.47,12.9668,"Bitcoin Up or Down - March 20, 4:50PM-4:55PM ET"
266,1774040049,2026-03-20 20:54:09,BUY,Down,0.44000000671060546,29.80357,13.113571,"Bitcoin Up or Down - March 20, 4:50PM-4:55PM ET"
267,1774040049,2026-03-20 20:54:09,BUY,Down,0.43000000065972227,15.157893,6.517893999999999,"Bitcoin Up or Down - March 20, 4:50PM-4:55PM ET"
268,1774040049,2026-03-20 20:54:09,BUY,Down,0.43,5.0,2.15,"Bitcoin Up or Down - March 20, 4:50PM-4:55PM ET"
269,1774040049,2026-03-20 20:54:09,BUY,Down,0.4400000224000036,8.92857,3.9285710000000003,"Bitcoin Up or Down - March 20, 4:50PM-4:55PM ET"
270,1774040049,2026-03-20 20:54:09,BUY,Down,0.45000000617422603,16.196362,7.288363,"Bitcoin Up or Down - March 20, 4:50PM-4:55PM ET"
271,1774040051,2026-03-20 20:54:11,BUY,Down,0.48,1.923075,0.923076,"Bitcoin Up or Down - March 20, 4:50PM-4:55PM ET"
272,1774040051,2026-03-20 20:54:11,BUY,Down,0.4300000665000366,5.263155,2.263157,"Ethereum Up or Down - March 20, 4:50PM-4:55PM ET"
273,1774040051,2026-03-20 20:54:11,BUY,Down,0.44,49.24109,21.6660796,"Ethereum Up or Down - March 20, 4:50PM-4:55PM ET"
274,1774040051,2026-03-20 20:54:11,BUY,Down,0.4800000608187419,3.28846,1.5784610000000001,"Bitcoin Up or Down - March 20, 4:50PM-4:55PM ET"
275,1774040051,2026-03-20 20:54:11,BUY,Down,0.48,24.61063,11.8131024,"Bitcoin Up or Down - March 20, 4:50PM-4:55PM ET"
276,1774040051,2026-03-20 20:54:11,BUY,Down,0.42,14.77748,6.2065416,"Ethereum Up or Down - March 20, 4:50PM-4:55PM ET"
277,1774040055,2026-03-20 20:54:15,BUY,Down,0.5,49.53,24.765,"Bitcoin Up or Down - March 20, 4:50PM-4:55PM ET"
278,1774040059,2026-03-20 20:54:19,BUY,Up,0.53,8.10234,4.2942402,"Ethereum Up or Down - March 20, 4:50PM-4:55PM ET"
279,1774040059,2026-03-20 20:54:19,BUY,Up,0.39,5.37,2.0943,"Bitcoin Up or Down - March 20, 4:50PM-4:55PM ET"
280,1774040059,2026-03-20 20:54:19,BUY,Up,0.36,70.0,25.2,"Bitcoin Up or Down - March 20, 4:50PM-4:55PM ET"
281,1774040059,2026-03-20 20:54:19,BUY,Down,0.44,0.28559999999999997,0.125664,"Ethereum Up or Down - March 20, 4:50PM-4:55PM ET"
282,1774040059,2026-03-20 20:54:19,BUY,Up,0.38471714285714287,69.01945,26.552965605571433,"Bitcoin Up or Down - March 20, 4:50PM-4:55PM ET"
283,1774040059,2026-03-20 20:54:19,BUY,Up,0.39,6.0,2.34,"Bitcoin Up or Down - March 20, 4:50PM-4:55PM ET"
284,1774040059,2026-03-20 20:54:19,BUY,Up,0.39,6.0,2.34,"Bitcoin Up or Down - March 20, 4:50PM-4:55PM ET"
285,1774040059,2026-03-20 20:54:19,BUY,Up,0.39000001279032437,10.163933,3.963934,"Bitcoin Up or Down - March 20, 4:50PM-4:55PM ET"
286,1774040059,2026-03-20 20:54:19,BUY,Up,0.39,34.68,13.5252,"Bitcoin Up or Down - March 20, 4:50PM-4:55PM ET"
287,1774040061,2026-03-20 20:54:21,,,0.0,583.130344,0.0,"Ethereum Up or Down - March 20, 4:50PM-4:55PM ET"
288,1774040061,2026-03-20 20:54:21,BUY,Up,0.29000000391478703,56.197182,16.297182999999997,"Bitcoin Up or Down - March 20, 4:50PM-4:55PM ET"
289,1774040061,2026-03-20 20:54:21,BUY,Up,0.29,5.53,1.6037,"Bitcoin Up or Down - March 20, 4:50PM-4:55PM ET"
290,1774040061,2026-03-20 20:54:21,BUY,Down,0.65,66.0,42.9,"Bitcoin Up or Down - March 20, 4:50PM-4:55PM ET"
291,1774040061,2026-03-20 20:54:21,BUY,Up,0.29000001572402545,8.267603,2.397605,"Bitcoin Up or Down - March 20, 4:50PM-4:55PM ET"
292,1774040061,2026-03-20 20:54:21,BUY,Up,0.34,70.0,23.8,"Bitcoin Up or Down - March 20, 4:50PM-4:55PM ET"
293,1774040061,2026-03-20 20:54:21,BUY,Down,0.65,4.0,2.6,"Bitcoin Up or Down - March 20, 4:50PM-4:55PM ET"
294,1774040063,2026-03-20 20:54:23,BUY,Up,0.45000000302530285,16.527271,7.437271999999999,"Ethereum Up or Down - March 20, 4:50PM-4:55PM ET"
295,1774040065,2026-03-20 20:54:25,BUY,Up,0.17643714285714285,69.63051,12.285408240085713,"Bitcoin Up or Down - March 20, 4:50PM-4:55PM ET"
296,1774040065,2026-03-20 20:54:25,BUY,Up,0.2,37.58,7.516,"Bitcoin Up or Down - March 20, 4:50PM-4:55PM ET"
297,1774040065,2026-03-20 20:54:25,BUY,Up,0.2,9.8,1.9600000000000002,"Bitcoin Up or Down - March 20, 4:50PM-4:55PM ET"
298,1774040067,2026-03-20 20:54:27,BUY,Up,0.2,11.1,2.22,"Bitcoin Up or Down - March 20, 4:50PM-4:55PM ET"
299,1774040067,2026-03-20 20:54:27,BUY,Up,0.2,10.9375,2.1875,"Bitcoin Up or Down - March 20, 4:50PM-4:55PM ET"
300,1774040067,2026-03-20 20:54:27,BUY,Up,0.2,0.58,0.11599999999999999,"Bitcoin Up or Down - March 20, 4:50PM-4:55PM ET"
301,1774040067,2026-03-20 20:54:27,BUY,Up,0.2,4.5,0.9,"Bitcoin Up or Down - March 20, 4:50PM-4:55PM ET"
302,1774040067,2026-03-20 20:54:27,BUY,Up,0.2,3.75,0.75,"Bitcoin Up or Down - March 20, 4:50PM-4:55PM ET"
303,1774040067,2026-03-20 20:54:27,BUY,Up,0.2,10.25,2.0500000000000003,"Bitcoin Up or Down - March 20, 4:50PM-4:55PM ET"
304,1774040067,2026-03-20 20:54:27,BUY,Up,0.19000001390347732,12.227157,2.32316,"Bitcoin Up or Down - March 20, 4:50PM-4:55PM ET"
305,1774040067,2026-03-20 20:54:27,BUY,Up,0.2,1.2625,0.2525,"Bitcoin Up or Down - March 20, 4:50PM-4:55PM ET"
306,1774040069,2026-03-20 20:54:29,BUY,Up,0.49,4.92194,2.4117506,"Ethereum Up or Down - March 20, 4:50PM-4:55PM ET"
307,1774040073,2026-03-20 20:54:33,BUY,Up,0.49,49.21938,24.1174962,"Ethereum Up or Down - March 20, 4:50PM-4:55PM ET"
308,1774040077,2026-03-20 20:54:37,BUY,Down,0.44,4.92411,2.1666084,"Ethereum Up or Down - March 20, 4:50PM-4:55PM ET"
309,1774040077,2026-03-20 20:54:37,BUY,Up,0.57,2.13741,1.2183237,"Ethereum Up or Down - March 20, 4:50PM-4:55PM ET"
310,1774040077,2026-03-20 20:54:37,BUY,Up,0.55,10.012,5.506600000000001,"Ethereum Up or Down - March 20, 4:50PM-4:55PM ET"
311,1774040077,2026-03-20 20:54:37,BUY,Up,0.57,37.22,21.2154,"Ethereum Up or Down - March 20, 4:50PM-4:55PM ET"
312,1774040077,2026-03-20 20:54:37,BUY,Down,0.44,49.24109,21.6660796,"Ethereum Up or Down - March 20, 4:50PM-4:55PM ET"
313,1774040079,2026-03-20 20:54:39,BUY,Down,0.46,12.0,5.5200000000000005,"Ethereum Up or Down - March 20, 4:50PM-4:55PM ET"
314,1774040089,2026-03-20 20:54:49,,,0.0,663.34549,0.0,"Bitcoin Up or Down - March 20, 4:50PM-4:55PM ET"
315,1774040095,2026-03-20 20:54:55,BUY,Up,0.37000005085938414,6.095237,2.255238,"Ethereum Up or Down - March 20, 4:50PM-4:55PM ET"
316,1774040095,2026-03-20 20:54:55,BUY,Up,0.37,5.0,1.85,"Ethereum Up or Down - March 20, 4:50PM-4:55PM ET"
317,1774040097,2026-03-20 20:54:57,BUY,Up,0.38,34.51432,13.115441599999999,"Ethereum Up or Down - March 20, 4:50PM-4:55PM ET"
318,1774040097,2026-03-20 20:54:57,BUY,Down,0.62,25.63921,15.896310199999999,"Ethereum Up or Down - March 20, 4:50PM-4:55PM ET"
319,1774040109,2026-03-20 20:55:09,BUY,Down,0.5,68.90625,34.453125,"Bitcoin Up or Down - March 20, 4:55PM-5:00PM ET"
320,1774040109,2026-03-20 20:55:09,BUY,Down,0.5,68.90625,34.453125,"Bitcoin Up or Down - March 20, 4:55PM-5:00PM ET"
321,1774040113,2026-03-20 20:55:13,BUY,Up,0.54,5.0,2.7,"Bitcoin Up or Down - March 20, 4:55PM-5:00PM ET"
322,1774040117,2026-03-20 20:55:17,BUY,Down,0.53,4.92244,2.6088932000000002,"Ethereum Up or Down - March 20, 4:55PM-5:00PM ET"
323,1774040131,2026-03-20 20:55:31,BUY,Up,0.71,5.0,3.55,"Bitcoin Up or Down - March 20, 4:55PM-5:00PM ET"
324,1774040131,2026-03-20 20:55:31,BUY,Up,0.71,30.42,21.5982,"Bitcoin Up or Down - March 20, 4:55PM-5:00PM ET"
325,1774040131,2026-03-20 20:55:31,BUY,Up,0.71,10.34,7.341399999999999,"Bitcoin Up or Down - March 20, 4:55PM-5:00PM ET"
326,1774040131,2026-03-20 20:55:31,BUY,Up,0.71,5.0,3.55,"Bitcoin Up or Down - March 20, 4:55PM-5:00PM ET"
327,1774040131,2026-03-20 20:55:31,BUY,Up,0.71,19.24,13.660399999999997,"Bitcoin Up or Down - March 20, 4:55PM-5:00PM ET"
328,1774040135,2026-03-20 20:55:35,BUY,Down,0.45,49.04,22.068,"Ethereum Up or Down - March 20, 4:55PM-5:00PM ET"
329,1774040145,2026-03-20 20:55:45,BUY,Up,0.7,53.18,37.226,"Bitcoin Up or Down - March 20, 4:55PM-5:00PM ET"
330,1774040145,2026-03-20 20:55:45,BUY,Up,0.7000000297324113,16.816665,11.771666,"Bitcoin Up or Down - March 20, 4:55PM-5:00PM ET"
331,1774040151,2026-03-20 20:55:51,BUY,Up,0.71,9.0,6.39,"Bitcoin Up or Down - March 20, 4:55PM-5:00PM ET"
332,1774040151,2026-03-20 20:55:51,BUY,Up,0.71,3.0,2.13,"Bitcoin Up or Down - March 20, 4:55PM-5:00PM ET"
333,1774040151,2026-03-20 20:55:51,BUY,Up,0.71,5.0,3.55,"Bitcoin Up or Down - March 20, 4:55PM-5:00PM ET"
334,1774040151,2026-03-20 20:55:51,BUY,Up,0.7100000153700007,34.482757,24.482757999999997,"Bitcoin Up or Down - March 20, 4:55PM-5:00PM ET"
335,1774040151,2026-03-20 20:55:51,BUY,Up,0.7100001334000721,3.448274,2.448275,"Bitcoin Up or Down - March 20, 4:55PM-5:00PM ET"
336,1774040157,2026-03-20 20:55:57,BUY,Up,0.71,70.0,49.699999999999996,"Bitcoin Up or Down - March 20, 4:55PM-5:00PM ET"
337,1774040157,2026-03-20 20:55:57,BUY,Up,0.72,70.0,50.4,"Bitcoin Up or Down - March 20, 4:55PM-5:00PM ET"
338,1774040159,2026-03-20 20:55:59,BUY,Up,0.71,70.0,49.699999999999996,"Bitcoin Up or Down - March 20, 4:55PM-5:00PM ET"
339,1774040159,2026-03-20 20:55:59,BUY,Up,0.72,70.0,50.4,"Bitcoin Up or Down - March 20, 4:55PM-5:00PM ET"
340,1774040173,2026-03-20 20:56:13,BUY,Up,0.68,7.92,5.3856,"Bitcoin Up or Down - March 20, 4:55PM-5:00PM ET"
341,1774040213,2026-03-20 20:56:53,BUY,Down,0.35,4.93531,1.7273585,"Ethereum Up or Down - March 20, 4:55PM-5:00PM ET"
342,1774040243,2026-03-20 20:57:23,BUY,Up,0.7,2.6109,1.8276299999999999,"Ethereum Up or Down - March 20, 4:55PM-5:00PM ET"
343,1774040247,2026-03-20 20:57:27,BUY,Down,0.14,70.0,9.8,"Bitcoin Up or Down - March 20, 4:55PM-5:00PM ET"
344,1774040251,2026-03-20 20:57:31,BUY,Down,0.14000000170840046,23.413714,3.2779199999999995,"Bitcoin Up or Down - March 20, 4:55PM-5:00PM ET"
345,1774040261,2026-03-20 20:57:41,BUY,Up,0.73,5.28814,3.8603422000000003,"Ethereum Up or Down - March 20, 4:55PM-5:00PM ET"
346,1774040265,2026-03-20 20:57:45,BUY,Down,0.1,70.0,7.0,"Bitcoin Up or Down - March 20, 4:55PM-5:00PM ET"
347,1774040267,2026-03-20 20:57:47,BUY,Down,0.1,11.73333,1.1733330000000002,"Bitcoin Up or Down - March 20, 4:55PM-5:00PM ET"
348,1774040267,2026-03-20 20:57:47,BUY,Down,0.1,11.86,1.186,"Bitcoin Up or Down - March 20, 4:55PM-5:00PM ET"
349,1774040267,2026-03-20 20:57:47,BUY,Down,0.1,1.11111,0.11111100000000002,"Bitcoin Up or Down - March 20, 4:55PM-5:00PM ET"
350,1774040267,2026-03-20 20:57:47,BUY,Down,0.1,1.11111,0.11111100000000002,"Bitcoin Up or Down - March 20, 4:55PM-5:00PM ET"
351,1774040267,2026-03-20 20:57:47,BUY,Down,0.1,27.17,2.7170000000000005,"Bitcoin Up or Down - March 20, 4:55PM-5:00PM ET"
352,1774040267,2026-03-20 20:57:47,BUY,Down,0.1,70.0,7.0,"Bitcoin Up or Down - March 20, 4:55PM-5:00PM ET"
353,1774040267,2026-03-20 20:57:47,BUY,Down,0.1,7.38888,0.7388880000000001,"Bitcoin Up or Down - March 20, 4:55PM-5:00PM ET"
354,1774040267,2026-03-20 20:57:47,BUY,Down,0.1,9.6,0.96,"Bitcoin Up or Down - March 20, 4:55PM-5:00PM ET"
355,1774040273,2026-03-20 20:57:53,BUY,Down,0.1,70.0,7.0,"Bitcoin Up or Down - March 20, 4:55PM-5:00PM ET"
356,1774040275,2026-03-20 20:57:55,BUY,Down,0.09,70.0,6.3,"Bitcoin Up or Down - March 20, 4:55PM-5:00PM ET"
357,1774040275,2026-03-20 20:57:55,BUY,Up,0.79,49.65597,39.22821630000001,"Ethereum Up or Down - March 20, 4:55PM-5:00PM ET"
358,1774040275,2026-03-20 20:57:55,BUY,Up,0.78,5.8764199999999995,4.5836076,"Ethereum Up or Down - March 20, 4:55PM-5:00PM ET"
359,1774040277,2026-03-20 20:57:57,BUY,Down,0.21,11.47,2.4087,"Ethereum Up or Down - March 20, 4:55PM-5:00PM ET"
360,1774040277,2026-03-20 20:57:57,BUY,Up,0.7357142857142858,34.669200000000004,25.50662571428572,"Ethereum Up or Down - March 20, 4:55PM-5:00PM ET"
361,1774040277,2026-03-20 20:57:57,BUY,Up,0.720000173786104,3.912856,2.817257,"Ethereum Up or Down - March 20, 4:55PM-5:00PM ET"
362,1774040281,2026-03-20 20:58:01,BUY,Down,0.08,70.0,5.6000000000000005,"Bitcoin Up or Down - March 20, 4:55PM-5:00PM ET"
363,1774040287,2026-03-20 20:58:07,BUY,Down,0.06000000033464468,59.764883,3.585893,"Bitcoin Up or Down - March 20, 4:55PM-5:00PM ET"
364,1774040289,2026-03-20 20:58:09,BUY,Down,0.18,50.0,9.0,"Ethereum Up or Down - March 20, 4:55PM-5:00PM ET"
365,1774040289,2026-03-20 20:58:09,BUY,Down,0.17,49.75114,8.457693800000001,"Ethereum Up or Down - March 20, 4:55PM-5:00PM ET"
366,1774040301,2026-03-20 20:58:21,BUY,Up,0.66,4.93706,3.2584596,"Ethereum Up or Down - March 20, 4:55PM-5:00PM ET"
367,1774040303,2026-03-20 20:58:23,BUY,Up,0.89,22.10691,19.6751499,"Bitcoin Up or Down - March 20, 4:55PM-5:00PM ET"
368,1774040305,2026-03-20 20:58:25,BUY,Up,0.89,0.29,0.2581,"Bitcoin Up or Down - March 20, 4:55PM-5:00PM ET"
369,1774040305,2026-03-20 20:58:25,BUY,Up,0.89,47.55,42.3195,"Bitcoin Up or Down - March 20, 4:55PM-5:00PM ET"
370,1774040305,2026-03-20 20:58:25,BUY,Up,0.92,53.70717,49.4105964,"Bitcoin Up or Down - March 20, 4:55PM-5:00PM ET"
371,1774040305,2026-03-20 20:58:25,BUY,Down,0.06,70.0,4.2,"Bitcoin Up or Down - March 20, 4:55PM-5:00PM ET"
372,1774040311,2026-03-20 20:58:31,BUY,Down,0.07,70.0,4.9,"Bitcoin Up or Down - March 20, 4:55PM-5:00PM ET"
373,1774040311,2026-03-20 20:58:31,BUY,Up,0.88,9.0,7.92,"Bitcoin Up or Down - March 20, 4:55PM-5:00PM ET"
374,1774040311,2026-03-20 20:58:31,BUY,Up,0.88,0.32,0.2816,"Bitcoin Up or Down - March 20, 4:55PM-5:00PM ET"
375,1774040311,2026-03-20 20:58:31,BUY,Up,0.8800000259793825,32.333332,28.453333,"Bitcoin Up or Down - March 20, 4:55PM-5:00PM ET"
376,1774040311,2026-03-20 20:58:31,BUY,Up,0.8800000296470603,28.333332,24.933333,"Bitcoin Up or Down - March 20, 4:55PM-5:00PM ET"
377,1774040313,2026-03-20 20:58:33,BUY,Up,0.68,9.88163,6.7195084000000005,"Ethereum Up or Down - March 20, 4:55PM-5:00PM ET"
378,1774040315,2026-03-20 20:58:35,BUY,Down,0.07000000075897736,39.526871,2.766881,"Bitcoin Up or Down - March 20, 4:55PM-5:00PM ET"
379,1774040315,2026-03-20 20:58:35,BUY,Up,0.7,49.44875,34.614124999999994,"Ethereum Up or Down - March 20, 4:55PM-5:00PM ET"
380,1774040327,2026-03-20 20:58:47,BUY,Down,0.42,49.25824,20.688460799999998,"Ethereum Up or Down - March 20, 4:55PM-5:00PM ET"
381,1774040331,2026-03-20 20:58:51,BUY,Up,0.84,3.0,2.52,"Bitcoin Up or Down - March 20, 4:55PM-5:00PM ET"
382,1774040331,2026-03-20 20:58:51,BUY,Up,0.84,5.99,5.0316,"Bitcoin Up or Down - March 20, 4:55PM-5:00PM ET"
383,1774040331,2026-03-20 20:58:51,BUY,Up,0.84,3.0,2.52,"Bitcoin Up or Down - March 20, 4:55PM-5:00PM ET"
384,1774040331,2026-03-20 20:58:51,BUY,Down,0.52,12.1875,6.3375,"Ethereum Up or Down - March 20, 4:55PM-5:00PM ET"
385,1774040331,2026-03-20 20:58:51,BUY,Up,0.84,39.88,33.4992,"Bitcoin Up or Down - March 20, 4:55PM-5:00PM ET"
386,1774040331,2026-03-20 20:58:51,BUY,Up,0.84,4.37,3.6708,"Bitcoin Up or Down - March 20, 4:55PM-5:00PM ET"
387,1774040331,2026-03-20 20:58:51,BUY,Up,0.84,1.19,0.9995999999999999,"Bitcoin Up or Down - March 20, 4:55PM-5:00PM ET"
388,1774040331,2026-03-20 20:58:51,BUY,Up,0.84,6.25,5.25,"Bitcoin Up or Down - March 20, 4:55PM-5:00PM ET"
389,1774040333,2026-03-20 20:58:53,BUY,Up,0.45,1.81818,0.8181809999999999,"Ethereum Up or Down - March 20, 4:55PM-5:00PM ET"
390,1774040335,2026-03-20 20:58:55,BUY,Down,0.09,67.88598,6.1097382,"Bitcoin Up or Down - March 20, 4:55PM-5:00PM ET"
391,1774040335,2026-03-20 20:58:55,BUY,Down,0.1,69.85825,6.985825,"Bitcoin Up or Down - March 20, 4:55PM-5:00PM ET"
392,1774040337,2026-03-20 20:58:57,,,0.0,681.48844,0.0,"Bitcoin Up or Down - March 20, 4:55PM-5:00PM ET"
393,1774040337,2026-03-20 20:58:57,BUY,Up,0.3400000018212591,32.944241,11.201042,"Ethereum Up or Down - March 20, 4:55PM-5:00PM ET"
394,1774040339,2026-03-20 20:58:59,BUY,Up,0.35,12.63438,4.422033,"Ethereum Up or Down - March 20, 4:55PM-5:00PM ET"
395,1774040339,2026-03-20 20:58:59,BUY,Up,0.84,6.0,5.04,"Bitcoin Up or Down - March 20, 4:55PM-5:00PM ET"
396,1774040339,2026-03-20 20:58:59,BUY,Up,0.85,6.25,5.3125,"Bitcoin Up or Down - March 20, 4:55PM-5:00PM ET"
397,1774040339,2026-03-20 20:58:59,BUY,Up,0.85,17.92685,15.237822500000002,"Bitcoin Up or Down - March 20, 4:55PM-5:00PM ET"
398,1774040339,2026-03-20 20:58:59,BUY,Up,0.85,6.0,5.1,"Bitcoin Up or Down - March 20, 4:55PM-5:00PM ET"
399,1774040339,2026-03-20 20:58:59,BUY,Up,0.84,13.72773,11.531293199999999,"Bitcoin Up or Down - March 20, 4:55PM-5:00PM ET"
400,1774040343,2026-03-20 20:59:03,BUY,Down,0.54,50.0,27.0,"Ethereum Up or Down - March 20, 4:55PM-5:00PM ET"
401,1774040343,2026-03-20 20:59:03,BUY,Down,0.56,15.56019,8.713706400000001,"Ethereum Up or Down - March 20, 4:55PM-5:00PM ET"
402,1774040345,2026-03-20 20:59:05,BUY,Up,0.9400000501818219,18.333332,17.233333,"Bitcoin Up or Down - March 20, 4:55PM-5:00PM ET"
403,1774040345,2026-03-20 20:59:05,BUY,Up,0.94,20.63,19.3922,"Bitcoin Up or Down - March 20, 4:55PM-5:00PM ET"
404,1774040345,2026-03-20 20:59:05,BUY,Up,0.9400000501818219,18.333332,17.233333,"Bitcoin Up or Down - March 20, 4:55PM-5:00PM ET"
405,1774040345,2026-03-20 20:59:05,BUY,Down,0.05,1.45,0.0725,"Bitcoin Up or Down - March 20, 4:55PM-5:00PM ET"
406,1774040349,2026-03-20 20:59:09,BUY,Up,0.93,69.92584,65.0310312,"Bitcoin Up or Down - March 20, 4:55PM-5:00PM ET"
407,1774040349,2026-03-20 20:59:09,BUY,Up,0.93,10.57,9.830100000000002,"Bitcoin Up or Down - March 20, 4:55PM-5:00PM ET"
408,1774040349,2026-03-20 20:59:09,BUY,Up,0.93,15.0,13.950000000000001,"Bitcoin Up or Down - March 20, 4:55PM-5:00PM ET"
409,1774040349,2026-03-20 20:59:09,BUY,Up,0.93,15.0,13.950000000000001,"Bitcoin Up or Down - March 20, 4:55PM-5:00PM ET"
410,1774040349,2026-03-20 20:59:09,BUY,Up,0.93,15.0,13.950000000000001,"Bitcoin Up or Down - March 20, 4:55PM-5:00PM ET"
411,1774040353,2026-03-20 20:59:13,BUY,Down,0.06,2.12765,0.127659,"Bitcoin Up or Down - March 20, 4:55PM-5:00PM ET"
412,1774040353,2026-03-20 20:59:13,BUY,Down,0.060000003760011265,5.319133,0.319148,"Bitcoin Up or Down - March 20, 4:55PM-5:00PM ET"
413,1774040355,2026-03-20 20:59:15,BUY,Up,0.3,49.44875,14.834624999999999,"Ethereum Up or Down - March 20, 4:55PM-5:00PM ET"
414,1774040355,2026-03-20 20:59:15,BUY,Up,0.29,50.0,14.499999999999998,"Ethereum Up or Down - March 20, 4:55PM-5:00PM ET"
415,1774040355,2026-03-20 20:59:15,BUY,Down,0.71,49.47007,35.1237497,"Ethereum Up or Down - March 20, 4:55PM-5:00PM ET"
416,1774040357,2026-03-20 20:59:17,BUY,Up,0.29,5.0,1.45,"Ethereum Up or Down - March 20, 4:55PM-5:00PM ET"
417,1774040361,2026-03-20 20:59:21,BUY,Up,0.92,59.19973,54.4637516,"Bitcoin Up or Down - March 20, 4:55PM-5:00PM ET"
418,1774040361,2026-03-20 20:59:21,BUY,Down,0.07,38.95868,2.7271076000000005,"Bitcoin Up or Down - March 20, 4:55PM-5:00PM ET"
419,1774040361,2026-03-20 20:59:21,BUY,Down,0.69,50.0,34.5,"Ethereum Up or Down - March 20, 4:55PM-5:00PM ET"
420,1774040361,2026-03-20 20:59:21,BUY,Down,0.7,21.87,15.309,"Ethereum Up or Down - March 20, 4:55PM-5:00PM ET"
421,1774040363,2026-03-20 20:59:23,BUY,Down,0.06,70.0,4.2,"Bitcoin Up or Down - March 20, 4:55PM-5:00PM ET"
422,1774040365,2026-03-20 20:59:25,BUY,Down,0.05,66.91,3.3455,"Bitcoin Up or Down - March 20, 4:55PM-5:00PM ET"
423,1774040365,2026-03-20 20:59:25,BUY,Down,0.05,3.08578,0.154289,"Bitcoin Up or Down - March 20, 4:55PM-5:00PM ET"
424,1774040369,2026-03-20 20:59:29,BUY,Up,0.21,15.919710000000002,3.3431391,"Ethereum Up or Down - March 20, 4:55PM-5:00PM ET"
425,1774040369,2026-03-20 20:59:29,BUY,Up,0.2,1.875,0.375,"Ethereum Up or Down - March 20, 4:55PM-5:00PM ET"
426,1774040369,2026-03-20 20:59:29,BUY,Up,0.2,1.25,0.25,"Ethereum Up or Down - March 20, 4:55PM-5:00PM ET"
427,1774040371,2026-03-20 20:59:31,BUY,Up,0.22,8.70544,1.9151968,"Ethereum Up or Down - March 20, 4:55PM-5:00PM ET"
428,1774040381,2026-03-20 20:59:41,BUY,Up,0.18,33.71537,6.0687666,"Ethereum Up or Down - March 20, 4:55PM-5:00PM ET"
429,1774040387,2026-03-20 20:59:47,BUY,Up,0.1575,19.91197,3.136135275,"Ethereum Up or Down - March 20, 4:55PM-5:00PM ET"
430,1774040389,2026-03-20 20:59:49,BUY,Up,0.26,49.53728,12.8796928,"Ethereum Up or Down - March 20, 4:55PM-5:00PM ET"
431,1774040391,2026-03-20 20:59:51,BUY,Up,0.38,9.80645,3.726451,"Ethereum Up or Down - March 20, 4:55PM-5:00PM ET"
432,1774040391,2026-03-20 20:59:51,BUY,Up,0.3400001440002304,1.666664,0.5666659999999999,"Ethereum Up or Down - March 20, 4:55PM-5:00PM ET"
433,1774040391,2026-03-20 20:59:51,BUY,Up,0.3800003052310886,1.048386,0.39838700000000005,"Ethereum Up or Down - March 20, 4:55PM-5:00PM ET"
434,1774040391,2026-03-20 20:59:51,BUY,Up,0.3800000225454742,1.774192,0.6741929999999999,"Ethereum Up or Down - March 20, 4:55PM-5:00PM ET"
435,1774040391,2026-03-20 20:59:51,BUY,Up,0.38,5.0,1.9,"Ethereum Up or Down - March 20, 4:55PM-5:00PM ET"
436,1774040393,2026-03-20 20:59:53,BUY,Down,0.45,5.484710000000001,2.4681195000000002,"Ethereum Up or Down - March 20, 4:55PM-5:00PM ET"
437,1774040393,2026-03-20 20:59:53,BUY,Up,0.52,22.5,11.700000000000001,"Ethereum Up or Down - March 20, 4:55PM-5:00PM ET"
438,1774040393,2026-03-20 20:59:53,BUY,Down,0.45,44.43,19.9935,"Ethereum Up or Down - March 20, 4:55PM-5:00PM ET"
439,1774040393,2026-03-20 20:59:53,BUY,Down,0.43,50.0,21.5,"Ethereum Up or Down - March 20, 4:55PM-5:00PM ET"
440,1774040395,2026-03-20 20:59:55,BUY,Up,0.52,27.5,14.3,"Ethereum Up or Down - March 20, 4:55PM-5:00PM ET"
441,1774040395,2026-03-20 20:59:55,BUY,Up,0.56,24.62055,13.787508000000003,"Ethereum Up or Down - March 20, 4:55PM-5:00PM ET"
442,1774040397,2026-03-20 20:59:57,BUY,Up,0.82,50.0,41.0,"Ethereum Up or Down - March 20, 4:55PM-5:00PM ET"
443,1774040397,2026-03-20 20:59:57,BUY,Up,0.8200001309091147,6.11111,5.0111110000000005,"Ethereum Up or Down - March 20, 4:55PM-5:00PM ET"
444,1774040409,2026-03-20 21:00:09,BUY,Down,0.40000000407885805,49.033332,19.613333,"Ethereum Up or Down - March 20, 5:00PM-5:05PM ET"
445,1774040409,2026-03-20 21:00:09,BUY,Up,0.6,68.992,41.3952,"Bitcoin Up or Down - March 20, 5:00PM-5:05PM ET"
446,1774040409,2026-03-20 21:00:09,BUY,Up,0.6400000350270331,10.277776,6.577776999999999,"Bitcoin Up or Down - March 20, 5:00PM-5:05PM ET"
447,1774040409,2026-03-20 21:00:09,BUY,Up,0.6200000081617186,41.657893,25.827894,"Ethereum Up or Down - March 20, 5:00PM-5:05PM ET"
448,1774040409,2026-03-20 21:00:09,BUY,Up,0.64,69.07103,44.2054592,"Bitcoin Up or Down - March 20, 5:00PM-5:05PM ET"
449,1774040409,2026-03-20 21:00:09,BUY,Up,0.6200000445573671,8.079472,5.009273,"Ethereum Up or Down - March 20, 5:00PM-5:05PM ET"
450,1774040409,2026-03-20 21:00:09,BUY,Up,0.61,13.42729,8.190646899999999,"Bitcoin Up or Down - March 20, 5:00PM-5:05PM ET"
451,1774040411,2026-03-20 21:00:11,BUY,Up,0.62,0.26,0.1612,"Ethereum Up or Down - March 20, 5:00PM-5:05PM ET"
452,1774040417,2026-03-20 21:00:17,BUY,Up,0.64,49.33645,31.575328,"Ethereum Up or Down - March 20, 5:00PM-5:05PM ET"
453,1774040419,2026-03-20 21:00:19,BUY,Up,0.63,4.28105,2.6970615,"Ethereum Up or Down - March 20, 5:00PM-5:05PM ET"
454,1774040421,2026-03-20 21:00:21,BUY,Up,0.66,8.88671,5.865228600000001,"Ethereum Up or Down - March 20, 5:00PM-5:05PM ET"
455,1774040421,2026-03-20 21:00:21,BUY,Up,0.67,26.47247,17.7365549,"Ethereum Up or Down - March 20, 5:00PM-5:05PM ET"
456,1774040425,2026-03-20 21:00:25,,,0.0,518.3796,0.0,"Ethereum Up or Down - March 20, 4:55PM-5:00PM ET"
457,1774040425,2026-03-20 21:00:25,BUY,Up,0.67,70.0,46.900000000000006,"Bitcoin Up or Down - March 20, 5:00PM-5:05PM ET"
458,1774040429,2026-03-20 21:00:29,BUY,Up,0.6900000164300008,32.258063,22.258064,"Bitcoin Up or Down - March 20, 5:00PM-5:05PM ET"
459,1774040429,2026-03-20 21:00:29,BUY,Up,0.69,3.16,2.1804,"Bitcoin Up or Down - March 20, 5:00PM-5:05PM ET"
460,1774040429,2026-03-20 21:00:29,BUY,Up,0.69,10.68,7.369199999999999,"Bitcoin Up or Down - March 20, 5:00PM-5:05PM ET"
461,1774040433,2026-03-20 21:00:33,BUY,Up,0.62,10.0,6.2,"Bitcoin Up or Down - March 20, 5:00PM-5:05PM ET"
462,1774040441,2026-03-20 21:00:41,BUY,Up,0.6200000256473209,17.155788,10.636589,"Bitcoin Up or Down - March 20, 5:00PM-5:05PM ET"
463,1774040443,2026-03-20 21:00:43,BUY,Up,0.6300000070390199,41.198917,25.955318,"Ethereum Up or Down - March 20, 5:00PM-5:05PM ET"
464,1774040443,2026-03-20 21:00:43,BUY,Up,0.6200000355284592,12.947367,8.027368,"Bitcoin Up or Down - March 20, 5:00PM-5:05PM ET"
465,1774040443,2026-03-20 21:00:43,BUY,Up,0.6200000188609028,16.966314,10.519115,"Bitcoin Up or Down - March 20, 5:00PM-5:05PM ET"
466,1774040445,2026-03-20 21:00:45,BUY,Up,0.66,38.32143,25.2921438,"Ethereum Up or Down - March 20, 5:00PM-5:05PM ET"
467,1774040451,2026-03-20 21:00:51,BUY,Up,0.7,12.93,9.050999999999998,"Bitcoin Up or Down - March 20, 5:00PM-5:05PM ET"
468,1774040469,2026-03-20 21:01:09,BUY,Down,0.49,35.201699999999995,17.248832999999998,"Bitcoin Up or Down - March 20, 5:00PM-5:05PM ET"
469,1774040469,2026-03-20 21:01:09,BUY,Down,0.49,7.91,3.8759,"Bitcoin Up or Down - March 20, 5:00PM-5:05PM ET"
470,1774040469,2026-03-20 21:01:09,BUY,Down,0.48,30.0,14.399999999999999,"Bitcoin Up or Down - March 20, 5:00PM-5:05PM ET"
471,1774040469,2026-03-20 21:01:09,BUY,Down,0.49,26.33,12.901699999999998,"Bitcoin Up or Down - March 20, 5:00PM-5:05PM ET"
472,1774040469,2026-03-20 21:01:09,BUY,Down,0.4800001114286139,3.230768,1.5507689999999998,"Bitcoin Up or Down - March 20, 5:00PM-5:05PM ET"
473,1774040469,2026-03-20 21:01:09,BUY,Down,0.48,7.44,3.5712,"Bitcoin Up or Down - March 20, 5:00PM-5:05PM ET"
474,1774040469,2026-03-20 21:01:09,BUY,Down,0.48,29.32,14.073599999999999,"Bitcoin Up or Down - March 20, 5:00PM-5:05PM ET"
475,1774040473,2026-03-20 21:01:13,BUY,Down,0.49544,49.21888,24.3850019072,"Ethereum Up or Down - March 20, 5:00PM-5:05PM ET"
476,1774040479,2026-03-20 21:01:19,BUY,Down,0.54,48.00785,25.924239,"Bitcoin Up or Down - March 20, 5:00PM-5:05PM ET"
477,1774040479,2026-03-20 21:01:19,BUY,Down,0.6200000286756406,16.738946,10.378146999999998,"Bitcoin Up or Down - March 20, 5:00PM-5:05PM ET"
478,1774040479,2026-03-20 21:01:19,BUY,Down,0.61,9.168420000000001,5.592736200000001,"Bitcoin Up or Down - March 20, 5:00PM-5:05PM ET"
479,1774040479,2026-03-20 21:01:19,BUY,Down,0.58,20.0,11.6,"Bitcoin Up or Down - March 20, 5:00PM-5:05PM ET"
480,1774040479,2026-03-20 21:01:19,BUY,Down,0.6,68.992,41.3952,"Bitcoin Up or Down - March 20, 5:00PM-5:05PM ET"
481,1774040479,2026-03-20 21:01:19,BUY,Down,0.6033102652825836,59.82096,36.09059924705882,"Bitcoin Up or Down - March 20, 5:00PM-5:05PM ET"
482,1774040479,2026-03-20 21:01:19,BUY,Down,0.57,6.95,3.9614999999999996,"Bitcoin Up or Down - March 20, 5:00PM-5:05PM ET"
483,1774040479,2026-03-20 21:01:19,BUY,Down,0.57,5.0,2.8499999999999996,"Bitcoin Up or Down - March 20, 5:00PM-5:05PM ET"
484,1774040479,2026-03-20 21:01:19,BUY,Down,0.57,10.0,5.699999999999999,"Bitcoin Up or Down - March 20, 5:00PM-5:05PM ET"
485,1774040479,2026-03-20 21:01:19,BUY,Down,0.5700000085343514,45.697673,26.047674,"Bitcoin Up or Down - March 20, 5:00PM-5:05PM ET"
486,1774040479,2026-03-20 21:01:19,BUY,Down,0.51358,49.21991,25.2783613778,"Ethereum Up or Down - March 20, 5:00PM-5:05PM ET"
487,1774040481,2026-03-20 21:01:21,BUY,Down,0.62,13.6,8.432,"Bitcoin Up or Down - March 20, 5:00PM-5:05PM ET"
488,1774040481,2026-03-20 21:01:21,BUY,Down,0.6200000222439038,21.578946,13.378946999999998,"Bitcoin Up or Down - March 20, 5:00PM-5:05PM ET"
489,1774040481,2026-03-20 21:01:21,BUY,Down,0.62,5.0,3.1,"Bitcoin Up or Down - March 20, 5:00PM-5:05PM ET"
490,1774040481,2026-03-20 21:01:21,BUY,Down,0.6200000367002051,13.078946,8.108947,"Bitcoin Up or Down - March 20, 5:00PM-5:05PM ET"
491,1774040483,2026-03-20 21:01:23,BUY,Down,0.62,7.5,4.65,"Bitcoin Up or Down - March 20, 5:00PM-5:05PM ET"
492,1774040487,2026-03-20 21:01:27,BUY,Down,0.56,4.72715,2.6472040000000003,"Ethereum Up or Down - March 20, 5:00PM-5:05PM ET"
493,1774040489,2026-03-20 21:01:29,BUY,Down,0.55,50.0,27.500000000000004,"Ethereum Up or Down - March 20, 5:00PM-5:05PM ET"
494,1774040489,2026-03-20 21:01:29,BUY,Down,0.56,45.2,25.312000000000005,"Ethereum Up or Down - March 20, 5:00PM-5:05PM ET"
495,1774040489,2026-03-20 21:01:29,BUY,Down,0.59,49.26856,29.0684504,"Ethereum Up or Down - March 20, 5:00PM-5:05PM ET"
496,1774040491,2026-03-20 21:01:31,BUY,Down,0.61,70.0,42.699999999999996,"Bitcoin Up or Down - March 20, 5:00PM-5:05PM ET"
497,1774040499,2026-03-20 21:01:39,BUY,Down,0.6340346682606097,66.01926,41.85849961291094,"Bitcoin Up or Down - March 20, 5:00PM-5:05PM ET"
498,1774040501,2026-03-20 21:01:41,BUY,Down,0.63,69.19,43.5897,"Bitcoin Up or Down - March 20, 5:00PM-5:05PM ET"
499,1774040515,2026-03-20 21:01:55,BUY,Down,0.61,12.6189,7.697528999999999,"Ethereum Up or Down - March 20, 5:00PM-5:05PM ET"
500,1774040525,2026-03-20 21:02:05,BUY,Down,0.6493214019388516,26.472360000000002,17.18906990782998,"Ethereum Up or Down - March 20, 5:00PM-5:05PM ET"
501,1774040525,2026-03-20 21:02:05,BUY,Down,0.68,50.0,34.0,"Ethereum Up or Down - March 20, 5:00PM-5:05PM ET"
502,1774040525,2026-03-20 21:02:05,BUY,Down,0.69,8.31,5.7339,"Ethereum Up or Down - March 20, 5:00PM-5:05PM ET"
503,1774040527,2026-03-20 21:02:07,BUY,Down,0.86,23.096,19.86256,"Ethereum Up or Down - March 20, 5:00PM-5:05PM ET"
504,1774040527,2026-03-20 21:02:07,BUY,Down,0.85,49.7968,42.327279999999995,"Ethereum Up or Down - March 20, 5:00PM-5:05PM ET"
505,1774040553,2026-03-20 21:02:33,BUY,Up,0.18,49.72768,8.9509824,"Ethereum Up or Down - March 20, 5:00PM-5:05PM ET"
506,1774040557,2026-03-20 21:02:37,BUY,Up,0.09000000484036243,8.263844,0.743746,"Bitcoin Up or Down - March 20, 5:00PM-5:05PM ET"
507,1774040557,2026-03-20 21:02:37,BUY,Up,0.12000003520017459,1.136358,0.13636299999999998,"Ethereum Up or Down - March 20, 5:00PM-5:05PM ET"
508,1774040557,2026-03-20 21:02:37,BUY,Up,0.12,15.05,1.806,"Ethereum Up or Down - March 20, 5:00PM-5:05PM ET"
509,1774040559,2026-03-20 21:02:39,BUY,Up,0.12000001173336056,3.409083,0.40909,"Ethereum Up or Down - March 20, 5:00PM-5:05PM ET"
510,1774040559,2026-03-20 21:02:39,BUY,Up,0.12,6.068175,0.728181,"Ethereum Up or Down - March 20, 5:00PM-5:05PM ET"
511,1774040559,2026-03-20 21:02:39,BUY,Up,0.09,61.73,5.5557,"Bitcoin Up or Down - March 20, 5:00PM-5:05PM ET"
512,1774040559,2026-03-20 21:02:39,BUY,Up,0.12,6.068175,0.728181,"Ethereum Up or Down - March 20, 5:00PM-5:05PM ET"
513,1774040559,2026-03-20 21:02:39,BUY,Up,0.12,7.0,0.84,"Ethereum Up or Down - March 20, 5:00PM-5:05PM ET"
514,1774040559,2026-03-20 21:02:39,BUY,Up,0.12,5.19,0.6228,"Ethereum Up or Down - March 20, 5:00PM-5:05PM ET"
515,1774040559,2026-03-20 21:02:39,BUY,Up,0.12,6.068175,0.728181,"Ethereum Up or Down - March 20, 5:00PM-5:05PM ET"
516,1774040559,2026-03-20 21:02:39,BUY,Up,0.08,70.0,5.6000000000000005,"Bitcoin Up or Down - March 20, 5:00PM-5:05PM ET"
517,1774040561,2026-03-20 21:02:41,BUY,Up,0.09,69.88262,6.2894358,"Bitcoin Up or Down - March 20, 5:00PM-5:05PM ET"
518,1774040561,2026-03-20 21:02:41,BUY,Down,0.8600001176000188,7.142856,6.142857,"Bitcoin Up or Down - March 20, 5:00PM-5:05PM ET"
519,1774040561,2026-03-20 21:02:41,BUY,Down,0.86,44.577870000000004,38.3369682,"Bitcoin Up or Down - March 20, 5:00PM-5:05PM ET"
520,1774040571,2026-03-20 21:02:51,BUY,Up,0.1,11.71,1.171,"Bitcoin Up or Down - March 20, 5:00PM-5:05PM ET"
521,1774040571,2026-03-20 21:02:51,BUY,Up,0.1,58.29,5.829000000000001,"Bitcoin Up or Down - March 20, 5:00PM-5:05PM ET"
522,1774040575,2026-03-20 21:02:55,BUY,Up,0.09,70.0,6.3,"Bitcoin Up or Down - March 20, 5:00PM-5:05PM ET"
523,1774040577,2026-03-20 21:02:57,BUY,Up,0.09000000986450121,4.054944,0.364945,"Bitcoin Up or Down - March 20, 5:00PM-5:05PM ET"
524,1774040577,2026-03-20 21:02:57,BUY,Up,0.09000000068250016,43.956033,3.9560429999999998,"Bitcoin Up or Down - March 20, 5:00PM-5:05PM ET"
525,1774040577,2026-03-20 21:02:57,BUY,Up,0.09000002364563703,1.691644,0.152248,"Bitcoin Up or Down - March 20, 5:00PM-5:05PM ET"
526,1774040579,2026-03-20 21:02:59,BUY,Up,0.09,10.989,0.9890100000000001,"Bitcoin Up or Down - March 20, 5:00PM-5:05PM ET"
527,1774040579,2026-03-20 21:02:59,BUY,Up,0.09000000919192838,2.175822,0.195824,"Bitcoin Up or Down - March 20, 5:00PM-5:05PM ET"
528,1774040579,2026-03-20 21:02:59,BUY,Up,0.09,1.0989,0.09890099999999999,"Bitcoin Up or Down - March 20, 5:00PM-5:05PM ET"
529,1774040579,2026-03-20 21:02:59,BUY,Up,0.09,1.0989,0.09890099999999999,"Bitcoin Up or Down - March 20, 5:00PM-5:05PM ET"
530,1774040579,2026-03-20 21:02:59,BUY,Up,0.09,4.91,0.4419,"Bitcoin Up or Down - March 20, 5:00PM-5:05PM ET"
531,1774040581,2026-03-20 21:03:01,BUY,Up,0.09,70.0,6.3,"Bitcoin Up or Down - March 20, 5:00PM-5:05PM ET"
532,1774040581,2026-03-20 21:03:01,BUY,Down,0.89,14.36,12.7804,"Bitcoin Up or Down - March 20, 5:00PM-5:05PM ET"
533,1774040583,2026-03-20 21:03:03,BUY,Up,0.08000000147200005,27.173912,2.1739129999999998,"Bitcoin Up or Down - March 20, 5:00PM-5:05PM ET"
534,1774040583,2026-03-20 21:03:03,BUY,Up,0.08000001226669512,3.260862,0.26086899999999996,"Bitcoin Up or Down - March 20, 5:00PM-5:05PM ET"
535,1774040583,2026-03-20 21:03:03,BUY,Up,0.08000001840000884,2.173912,0.173913,"Bitcoin Up or Down - March 20, 5:00PM-5:05PM ET"
536,1774040583,2026-03-20 21:03:03,BUY,Up,0.08,5.1,0.408,"Bitcoin Up or Down - March 20, 5:00PM-5:05PM ET"
537,1774040583,2026-03-20 21:03:03,BUY,Up,0.08,1.19565,0.09565200000000001,"Bitcoin Up or Down - March 20, 5:00PM-5:05PM ET"
538,1774040583,2026-03-20 21:03:03,BUY,Up,0.0800000264749527,1.510862,0.12086899999999999,"Bitcoin Up or Down - March 20, 5:00PM-5:05PM ET"
539,1774040583,2026-03-20 21:03:03,BUY,Up,0.08,1.08695,0.086956,"Bitcoin Up or Down - March 20, 5:00PM-5:05PM ET"
540,1774040583,2026-03-20 21:03:03,BUY,Up,0.08,5.434775,0.434782,"Bitcoin Up or Down - March 20, 5:00PM-5:05PM ET"
541,1774040587,2026-03-20 21:03:07,BUY,Up,0.27,33.29,8.9883,"Ethereum Up or Down - March 20, 5:00PM-5:05PM ET"
542,1774040587,2026-03-20 21:03:07,BUY,Up,0.27000001733750173,10.958903,2.9589039999999995,"Ethereum Up or Down - March 20, 5:00PM-5:05PM ET"
543,1774040587,2026-03-20 21:03:07,BUY,Up,0.08,1.08695,0.086956,"Bitcoin Up or Down - March 20, 5:00PM-5:05PM ET"
544,1774040587,2026-03-20 21:03:07,BUY,Up,0.08000000619529554,6.456512,0.516521,"Bitcoin Up or Down - March 20, 5:00PM-5:05PM ET"
545,1774040587,2026-03-20 21:03:07,BUY,Up,0.08,1.08695,0.086956,"Bitcoin Up or Down - March 20, 5:00PM-5:05PM ET"
546,1774040587,2026-03-20 21:03:07,BUY,Up,0.08,1.08695,0.086956,"Bitcoin Up or Down - March 20, 5:00PM-5:05PM ET"
547,1774040589,2026-03-20 21:03:09,BUY,Up,0.35,49.35305,17.2735675,"Ethereum Up or Down - March 20, 5:00PM-5:05PM ET"
548,1774040591,2026-03-20 21:03:11,BUY,Up,0.37,5.68176,2.1022512,"Ethereum Up or Down - March 20, 5:00PM-5:05PM ET"
549,1774040595,2026-03-20 21:03:15,BUY,Up,0.36,50.0,18.0,"Ethereum Up or Down - March 20, 5:00PM-5:05PM ET"
550,1774040599,2026-03-20 21:03:19,,,0.0,761.856195,0.0,"Bitcoin Up or Down - March 20, 5:00PM-5:05PM ET"
551,1774040599,2026-03-20 21:03:19,BUY,Down,0.55,50.0,27.500000000000004,"Ethereum Up or Down - March 20, 5:00PM-5:05PM ET"
552,1774040599,2026-03-20 21:03:19,BUY,Down,0.55,50.0,27.500000000000004,"Ethereum Up or Down - March 20, 5:00PM-5:05PM ET"
553,1774040607,2026-03-20 21:03:27,BUY,Up,0.67,22.52136,15.089311200000003,"Ethereum Up or Down - March 20, 5:00PM-5:05PM ET"
554,1774040607,2026-03-20 21:03:27,BUY,Up,0.6600000488818016,7.364704,4.860705,"Ethereum Up or Down - March 20, 5:00PM-5:05PM ET"
555,1774040607,2026-03-20 21:03:27,BUY,Up,0.67,27.2,18.224,"Ethereum Up or Down - March 20, 5:00PM-5:05PM ET"
556,1774040607,2026-03-20 21:03:27,BUY,Up,0.64,5.0,3.2,"Ethereum Up or Down - March 20, 5:00PM-5:05PM ET"
557,1774040607,2026-03-20 21:03:27,BUY,Up,0.58,2.9555,1.7141899999999997,"Ethereum Up or Down - March 20, 5:00PM-5:05PM ET"
558,1774040609,2026-03-20 21:03:29,BUY,Down,0.6927257142857143,69.20711,47.9415447084,"Bitcoin Up or Down - March 20, 5:00PM-5:05PM ET"
559,1774040609,2026-03-20 21:03:29,BUY,Down,0.69,69.19932,47.7475308,"Bitcoin Up or Down - March 20, 5:00PM-5:05PM ET"
560,1774040609,2026-03-20 21:03:29,BUY,Up,0.3,2.85714,0.857142,"Bitcoin Up or Down - March 20, 5:00PM-5:05PM ET"
561,1774040609,2026-03-20 21:03:29,BUY,Down,0.7,69.22825,48.459775,"Bitcoin Up or Down - March 20, 5:00PM-5:05PM ET"
562,1774040609,2026-03-20 21:03:29,BUY,Up,0.31,70.0,21.7,"Bitcoin Up or Down - March 20, 5:00PM-5:05PM ET"
563,1774040609,2026-03-20 21:03:29,BUY,Up,0.29,62.32,18.072799999999997,"Bitcoin Up or Down - March 20, 5:00PM-5:05PM ET"
564,1774040609,2026-03-20 21:03:29,BUY,Up,0.29,1.34,0.3886,"Bitcoin Up or Down - March 20, 5:00PM-5:05PM ET"
565,1774040609,2026-03-20 21:03:29,BUY,Up,0.29,5.0,1.45,"Bitcoin Up or Down - March 20, 5:00PM-5:05PM ET"
566,1774040609,2026-03-20 21:03:29,BUY,Up,0.29,1.34,0.3886,"Bitcoin Up or Down - March 20, 5:00PM-5:05PM ET"
567,1774040609,2026-03-20 21:03:29,BUY,Up,0.68,50.0,34.0,"Ethereum Up or Down - March 20, 5:00PM-5:05PM ET"
568,1774040611,2026-03-20 21:03:31,BUY,Up,0.3,6.75,2.025,"Bitcoin Up or Down - March 20, 5:00PM-5:05PM ET"
569,1774040615,2026-03-20 21:03:35,BUY,Up,0.25,70.0,17.5,"Bitcoin Up or Down - March 20, 5:00PM-5:05PM ET"
570,1774040625,2026-03-20 21:03:45,,,0.0,566.961892,0.0,"Ethereum Up or Down - March 20, 5:00PM-5:05PM ET"
571,1774040627,2026-03-20 21:03:47,BUY,Up,0.5400000353690853,3.958259,2.13746,"Ethereum Up or Down - March 20, 5:00PM-5:05PM ET"
572,1774040627,2026-03-20 21:03:47,BUY,Up,0.5400000452459343,2.652172,1.4321730000000001,"Ethereum Up or Down - March 20, 5:00PM-5:05PM ET"
573,1774040627,2026-03-20 21:03:47,BUY,Down,0.44,50.0,22.0,"Ethereum Up or Down - March 20, 5:00PM-5:05PM ET"
574,1774040627,2026-03-20 21:03:47,BUY,Down,0.45,49.2343,22.155435,"Ethereum Up or Down - March 20, 5:00PM-5:05PM ET"
575,1774040631,2026-03-20 21:03:51,BUY,Up,0.15,15.0,2.25,"Bitcoin Up or Down - March 20, 5:00PM-5:05PM ET"
576,1774040635,2026-03-20 21:03:55,BUY,Up,0.13,0.5,0.065,"Bitcoin Up or Down - March 20, 5:00PM-5:05PM ET"
577,1774040637,2026-03-20 21:03:57,BUY,Up,0.13,18.3908,2.3908039999999997,"Bitcoin Up or Down - March 20, 5:00PM-5:05PM ET"
578,1774040639,2026-03-20 21:03:59,BUY,Up,0.15,1.41176,0.21176399999999998,"Bitcoin Up or Down - March 20, 5:00PM-5:05PM ET"
579,1774040645,2026-03-20 21:04:05,BUY,Down,0.4,49.28,19.712000000000003,"Ethereum Up or Down - March 20, 5:00PM-5:05PM ET"
580,1774040645,2026-03-20 21:04:05,BUY,Up,0.15000001207387376,4.141173,0.6211760000000001,"Bitcoin Up or Down - March 20, 5:00PM-5:05PM ET"
581,1774040647,2026-03-20 21:04:07,BUY,Up,0.69,50.0,34.5,"Ethereum Up or Down - March 20, 5:00PM-5:05PM ET"
582,1774040647,2026-03-20 21:04:07,BUY,Up,0.28,70.0,19.6,"Bitcoin Up or Down - March 20, 5:00PM-5:05PM ET"
583,1774040647,2026-03-20 21:04:07,BUY,Down,0.69,5.79,3.9951,"Bitcoin Up or Down - March 20, 5:00PM-5:05PM ET"
584,1774040647,2026-03-20 21:04:07,BUY,Down,0.69,1.6,1.1039999999999999,"Bitcoin Up or Down - March 20, 5:00PM-5:05PM ET"
585,1774040647,2026-03-20 21:04:07,BUY,Down,0.6900000548958427,9.290321,6.410322000000001,"Bitcoin Up or Down - March 20, 5:00PM-5:05PM ET"
586,1774040647,2026-03-20 21:04:07,BUY,Down,0.6900001143125293,5.161289,3.56129,"Bitcoin Up or Down - March 20, 5:00PM-5:05PM ET"
587,1774040647,2026-03-20 21:04:07,BUY,Down,0.6900001143125293,5.161289,3.56129,"Bitcoin Up or Down - March 20, 5:00PM-5:05PM ET"
588,1774040647,2026-03-20 21:04:07,BUY,Down,0.6900001143125293,5.161289,3.56129,"Bitcoin Up or Down - March 20, 5:00PM-5:05PM ET"
589,1774040647,2026-03-20 21:04:07,BUY,Down,0.69,2.82,1.9457999999999998,"Bitcoin Up or Down - March 20, 5:00PM-5:05PM ET"
590,1774040647,2026-03-20 21:04:07,BUY,Down,0.69,5.66,3.9053999999999998,"Bitcoin Up or Down - March 20, 5:00PM-5:05PM ET"
591,1774040647,2026-03-20 21:04:07,BUY,Down,0.69,5.93138,4.0926522,"Bitcoin Up or Down - March 20, 5:00PM-5:05PM ET"
592,1774040653,2026-03-20 21:04:13,BUY,Up,0.7,1.58,1.1059999999999999,"Ethereum Up or Down - March 20, 5:00PM-5:05PM ET"
593,1774040655,2026-03-20 21:04:15,BUY,Down,0.7,70.0,49.0,"Bitcoin Up or Down - March 20, 5:00PM-5:05PM ET"
594,1774040655,2026-03-20 21:04:15,BUY,Down,0.68,70.0,47.6,"Bitcoin Up or Down - March 20, 5:00PM-5:05PM ET"
595,1774040655,2026-03-20 21:04:15,BUY,Down,0.69,70.0,48.3,"Bitcoin Up or Down - March 20, 5:00PM-5:05PM ET"
596,1774040659,2026-03-20 21:04:19,BUY,Up,0.75,27.04024,20.28018,"Ethereum Up or Down - March 20, 5:00PM-5:05PM ET"
597,1774040661,2026-03-20 21:04:21,BUY,Up,0.74,1.16,0.8583999999999999,"Ethereum Up or Down - March 20, 5:00PM-5:05PM ET"
598,1774040667,2026-03-20 21:04:27,BUY,Up,0.28,13.82,3.8696000000000006,"Bitcoin Up or Down - March 20, 5:00PM-5:05PM ET"
599,1774040667,2026-03-20 21:04:27,BUY,Up,0.28,27.85,7.798000000000001,"Bitcoin Up or Down - March 20, 5:00PM-5:05PM ET"
600,1774040667,2026-03-20 21:04:27,BUY,Up,0.28,28.33,7.9324,"Bitcoin Up or Down - March 20, 5:00PM-5:05PM ET"
601,1774040669,2026-03-20 21:04:29,BUY,Up,0.76,7.0,5.32,"Ethereum Up or Down - March 20, 5:00PM-5:05PM ET"
602,1774040669,2026-03-20 21:04:29,BUY,Down,0.65,70.0,45.5,"Bitcoin Up or Down - March 20, 5:00PM-5:05PM ET"
603,1774040669,2026-03-20 21:04:29,BUY,Up,0.26,69.35219,18.0315694,"Bitcoin Up or Down - March 20, 5:00PM-5:05PM ET"
604,1774040669,2026-03-20 21:04:29,BUY,Up,0.77,12.69964,9.7787228,"Ethereum Up or Down - March 20, 5:00PM-5:05PM ET"
605,1774040669,2026-03-20 21:04:29,BUY,Down,0.25,49.56055,12.3901375,"Ethereum Up or Down - March 20, 5:00PM-5:05PM ET"
606,1774040669,2026-03-20 21:04:29,BUY,Up,0.76,43.0,32.68,"Ethereum Up or Down - March 20, 5:00PM-5:05PM ET"
607,1774040669,2026-03-20 21:04:29,BUY,Up,0.29,7.13359,2.0687411,"Bitcoin Up or Down - March 20, 5:00PM-5:05PM ET"
608,1774040673,2026-03-20 21:04:33,BUY,Up,0.8100001140000266,6.315788,5.115789,"Ethereum Up or Down - March 20, 5:00PM-5:05PM ET"
609,1774040673,2026-03-20 21:04:33,BUY,Up,0.8200000145585267,49.455554,40.553555,"Ethereum Up or Down - March 20, 5:00PM-5:05PM ET"
610,1774040675,2026-03-20 21:04:35,BUY,Up,0.82,6.0,4.92,"Ethereum Up or Down - March 20, 5:00PM-5:05PM ET"
611,1774040685,2026-03-20 21:04:45,BUY,Up,0.25,53.36,13.34,"Bitcoin Up or Down - March 20, 5:00PM-5:05PM ET"
612,1774040687,2026-03-20 21:04:47,BUY,Up,0.24,56.84,13.6416,"Bitcoin Up or Down - March 20, 5:00PM-5:05PM ET"
613,1774040687,2026-03-20 21:04:47,BUY,Up,0.24000001216000344,13.157891,3.1578939999999998,"Bitcoin Up or Down - March 20, 5:00PM-5:05PM ET"
614,1774040687,2026-03-20 21:04:47,BUY,Down,0.73,70.0,51.1,"Bitcoin Up or Down - March 20, 5:00PM-5:05PM ET"
615,1774040687,2026-03-20 21:04:47,,,0.0,534.210248,0.0,"Bitcoin Up or Down - March 20, 5:00PM-5:05PM ET"
616,1774040689,2026-03-20 21:04:49,BUY,Up,0.22,70.0,15.4,"Bitcoin Up or Down - March 20, 5:00PM-5:05PM ET"
617,1774040689,2026-03-20 21:04:49,BUY,Up,0.23,70.0,16.1,"Bitcoin Up or Down - March 20, 5:00PM-5:05PM ET"
618,1774040693,2026-03-20 21:04:53,BUY,Up,0.17000010578471508,1.228911,0.20891500000000002,"Bitcoin Up or Down - March 20, 5:00PM-5:05PM ET"
619,1774040693,2026-03-20 21:04:53,BUY,Up,0.17000001579795918,8.228911,1.3989150000000001,"Bitcoin Up or Down - March 20, 5:00PM-5:05PM ET"
620,1774040695,2026-03-20 21:04:55,BUY,Up,0.16,9.93,1.5888,"Bitcoin Up or Down - March 20, 5:00PM-5:05PM ET"
621,1774040695,2026-03-20 21:04:55,BUY,Up,0.16000001663370422,2.404756,0.384761,"Bitcoin Up or Down - March 20, 5:00PM-5:05PM ET"
622,1774040695,2026-03-20 21:04:55,BUY,Up,0.14,10.0,1.4000000000000001,"Bitcoin Up or Down - March 20, 5:00PM-5:05PM ET"
623,1774040695,2026-03-20 21:04:55,BUY,Up,0.15,8.41,1.2615,"Bitcoin Up or Down - March 20, 5:00PM-5:05PM ET"
624,1774040695,2026-03-20 21:04:55,BUY,Up,0.16000000560000088,7.142856,1.142857,"Bitcoin Up or Down - March 20, 5:00PM-5:05PM ET"
625,1774040697,2026-03-20 21:04:57,BUY,Up,0.14,39.29,5.5006,"Bitcoin Up or Down - March 20, 5:00PM-5:05PM ET"
626,1774040707,2026-03-20 21:05:07,BUY,Down,0.5800000167025691,28.738094,16.668095,"Ethereum Up or Down - March 20, 5:05PM-5:10PM ET"
627,1774040709,2026-03-20 21:05:09,BUY,Down,0.59,49.26856,29.0684504,"Ethereum Up or Down - March 20, 5:05PM-5:10PM ET"
628,1774040709,2026-03-20 21:05:09,BUY,Down,0.52,46.19907,24.023516400000002,"Bitcoin Up or Down - March 20, 5:05PM-5:10PM ET"
629,1774040709,2026-03-20 21:05:09,BUY,Up,0.4500000040338355,37.185453,16.733454000000002,"Bitcoin Up or Down - March 20, 5:05PM-5:10PM ET"
630,1774040709,2026-03-20 21:05:09,BUY,Down,0.58,68.96154,39.99769319999999,"Bitcoin Up or Down - March 20, 5:05PM-5:10PM ET"
631,1774040711,2026-03-20 21:05:11,BUY,Up,0.45,1.81818,0.8181809999999999,"Bitcoin Up or Down - March 20, 5:05PM-5:10PM ET"
632,1774040711,2026-03-20 21:05:11,BUY,Down,0.53,23.07,12.2271,"Bitcoin Up or Down - March 20, 5:05PM-5:10PM ET"
633,1774040721,2026-03-20 21:05:21,BUY,Down,0.53,70.0,37.1,"Bitcoin Up or Down - March 20, 5:05PM-5:10PM ET"
634,1774040723,2026-03-20 21:05:23,BUY,Down,0.56,5.0,2.8000000000000003,"Bitcoin Up or Down - March 20, 5:05PM-5:10PM ET"
635,1774040731,2026-03-20 21:05:31,BUY,Down,0.6700000340528028,14.095756,9.444157,"Bitcoin Up or Down - March 20, 5:05PM-5:10PM ET"
636,1774040731,2026-03-20 21:05:31,BUY,Down,0.67,1.99,1.3333000000000002,"Bitcoin Up or Down - March 20, 5:05PM-5:10PM ET"
637,1774040733,2026-03-20 21:05:33,BUY,Down,0.67,68.8,46.096000000000004,"Bitcoin Up or Down - March 20, 5:05PM-5:10PM ET"
638,1774040733,2026-03-20 21:05:33,BUY,Down,0.68,8.07,5.4876000000000005,"Bitcoin Up or Down - March 20, 5:05PM-5:10PM ET"
639,1774040735,2026-03-20 21:05:35,BUY,Down,0.68,9.84,6.6912,"Bitcoin Up or Down - March 20, 5:05PM-5:10PM ET"
640,1774040747,2026-03-20 21:05:47,BUY,Down,0.66,70.0,46.2,"Bitcoin Up or Down - March 20, 5:05PM-5:10PM ET"
641,1774040759,2026-03-20 21:05:59,BUY,Up,0.22,14.94,3.2868,"Bitcoin Up or Down - March 20, 5:05PM-5:10PM ET"
642,1774040759,2026-03-20 21:05:59,BUY,Up,0.22,30.0,6.6,"Bitcoin Up or Down - March 20, 5:05PM-5:10PM ET"
643,1774040759,2026-03-20 21:05:59,BUY,Up,0.2200000707644596,2.261022,0.497425,"Bitcoin Up or Down - March 20, 5:05PM-5:10PM ET"
644,1774040789,2026-03-20 21:06:29,BUY,Up,0.37,19.72833,7.2994821,"Bitcoin Up or Down - March 20, 5:05PM-5:10PM ET"
645,1774040837,2026-03-20 21:07:17,BUY,Down,0.69,49.42809,34.10538209999999,"Ethereum Up or Down - March 20, 5:05PM-5:10PM ET"
646,1774040875,2026-03-20 21:07:55,BUY,Up,0.2,70.0,14.0,"Bitcoin Up or Down - March 20, 5:05PM-5:10PM ET"
647,1774040877,2026-03-20 21:07:57,BUY,Up,0.19000003898400747,4.617278,0.877283,"Bitcoin Up or Down - March 20, 5:05PM-5:10PM ET"
648,1774040877,2026-03-20 21:07:57,BUY,Up,0.1900000113855443,6.148147,1.168148,"Bitcoin Up or Down - March 20, 5:05PM-5:10PM ET"
649,1774040877,2026-03-20 21:07:57,BUY,Up,0.1900000075990026,22.371357,4.250558,"Bitcoin Up or Down - March 20, 5:05PM-5:10PM ET"
650,1774040879,2026-03-20 21:07:59,BUY,Up,0.19,17.24,3.2756,"Bitcoin Up or Down - March 20, 5:05PM-5:10PM ET"
651,1774040879,2026-03-20 21:07:59,BUY,Up,0.19000002430009647,1.234563,0.234567,"Bitcoin Up or Down - March 20, 5:05PM-5:10PM ET"
652,1774040879,2026-03-20 21:07:59,BUY,Up,0.19000000818182636,2.444442,0.46444399999999997,"Bitcoin Up or Down - March 20, 5:05PM-5:10PM ET"
653,1774040879,2026-03-20 21:07:59,BUY,Up,0.19000002430009647,1.234563,0.234567,"Bitcoin Up or Down - March 20, 5:05PM-5:10PM ET"
654,1774040879,2026-03-20 21:07:59,BUY,Up,0.19,10.0,1.9,"Bitcoin Up or Down - March 20, 5:05PM-5:10PM ET"
655,1774040879,2026-03-20 21:07:59,BUY,Up,0.19,2.37,0.45030000000000003,"Bitcoin Up or Down - March 20, 5:05PM-5:10PM ET"
656,1774040879,2026-03-20 21:07:59,BUY,Up,0.19000002430009647,1.234563,0.234567,"Bitcoin Up or Down - March 20, 5:05PM-5:10PM ET"
657,1774040879,2026-03-20 21:07:59,BUY,Up,0.19,1.07,0.2033,"Bitcoin Up or Down - March 20, 5:05PM-5:10PM ET"
658,1774040883,2026-03-20 21:08:03,BUY,Up,0.18,39.61,7.1297999999999995,"Bitcoin Up or Down - March 20, 5:05PM-5:10PM ET"
659,1774040883,2026-03-20 21:08:03,BUY,Up,0.1800000136667006,1.463411,0.263414,"Bitcoin Up or Down - March 20, 5:05PM-5:10PM ET"
660,1774040883,2026-03-20 21:08:03,BUY,Up,0.18000001640001606,1.219511,0.21951199999999998,"Bitcoin Up or Down - March 20, 5:05PM-5:10PM ET"
661,1774040883,2026-03-20 21:08:03,BUY,Up,0.18,16.2,2.916,"Bitcoin Up or Down - March 20, 5:05PM-5:10PM ET"
662,1774040883,2026-03-20 21:08:03,BUY,Up,0.18,11.5,2.07,"Bitcoin Up or Down - March 20, 5:05PM-5:10PM ET"
663,1774040885,2026-03-20 21:08:05,BUY,Up,0.17,5.33,0.9061000000000001,"Bitcoin Up or Down - March 20, 5:05PM-5:10PM ET"
664,1774040885,2026-03-20 21:08:05,BUY,Up,0.17000009130017255,1.204817,0.204819,"Bitcoin Up or Down - March 20, 5:05PM-5:10PM ET"
665,1774040885,2026-03-20 21:08:05,BUY,Up,0.1700000033200013,6.024094,1.024096,"Bitcoin Up or Down - March 20, 5:05PM-5:10PM ET"
666,1774040885,2026-03-20 21:08:05,BUY,Up,0.17000009910483557,1.614452,0.274457,"Bitcoin Up or Down - March 20, 5:05PM-5:10PM ET"
667,1774040885,2026-03-20 21:08:05,BUY,Up,0.17,5.0,0.8500000000000001,"Bitcoin Up or Down - March 20, 5:05PM-5:10PM ET"
668,1774040885,2026-03-20 21:08:05,BUY,Up,0.17,16.61,2.8237,"Bitcoin Up or Down - March 20, 5:05PM-5:10PM ET"
669,1774040885,2026-03-20 21:08:05,BUY,Up,0.17,70.0,11.9,"Bitcoin Up or Down - March 20, 5:05PM-5:10PM ET"
670,1774040885,2026-03-20 21:08:05,BUY,Up,0.17000000292459488,34.19277,5.812771000000001,"Bitcoin Up or Down - March 20, 5:05PM-5:10PM ET"
671,1774040889,2026-03-20 21:08:09,,,0.0,80.688999,0.0,"Ethereum Up or Down - March 20, 4:55PM-5:00PM ET"
672,1774040889,2026-03-20 21:08:09,,,0.0,70.0,0.0,"Bitcoin Up or Down - March 20, 5:00PM-5:05PM ET"
673,1774040889,2026-03-20 21:08:09,,,0.0,355.576814,0.0,"Bitcoin Up or Down - March 20, 4:55PM-5:00PM ET"
674,1774040889,2026-03-20 21:08:09,,,0.0,199.779785,0.0,"Ethereum Up or Down - March 20, 4:50PM-4:55PM ET"
675,1774040889,2026-03-20 21:08:09,,,0.0,226.437076,0.0,"Ethereum Up or Down - March 20, 5:00PM-5:05PM ET"
676,1774040891,2026-03-20 21:08:11,BUY,Up,0.16,10.96,1.7536000000000003,"Bitcoin Up or Down - March 20, 5:05PM-5:10PM ET"
677,1774040891,2026-03-20 21:08:11,BUY,Up,0.1600000052066118,23.047618,3.687619,"Bitcoin Up or Down - March 20, 5:05PM-5:10PM ET"
678,1774040891,2026-03-20 21:08:11,BUY,Up,0.16,3.571425,0.571428,"Bitcoin Up or Down - March 20, 5:05PM-5:10PM ET"
679,1774040893,2026-03-20 21:08:13,BUY,Up,0.15,70.0,10.5,"Bitcoin Up or Down - March 20, 5:05PM-5:10PM ET"
680,1774040901,2026-03-20 21:08:21,BUY,Up,0.22,70.0,15.4,"Bitcoin Up or Down - March 20, 5:05PM-5:10PM ET"
681,1774040901,2026-03-20 21:08:21,BUY,Down,0.78,69.48469,54.198058200000006,"Bitcoin Up or Down - March 20, 5:05PM-5:10PM ET"
682,1774040903,2026-03-20 21:08:23,BUY,Up,0.15,0.68,0.10200000000000001,"Bitcoin Up or Down - March 20, 5:05PM-5:10PM ET"
683,1774040903,2026-03-20 21:08:23,BUY,Up,0.15,5.74,0.861,"Bitcoin Up or Down - March 20, 5:05PM-5:10PM ET"
684,1774040903,2026-03-20 21:08:23,BUY,Up,0.15,0.33,0.0495,"Bitcoin Up or Down - March 20, 5:05PM-5:10PM ET"
685,1774040903,2026-03-20 21:08:23,BUY,Up,0.15,7.0,1.05,"Bitcoin Up or Down - March 20, 5:05PM-5:10PM ET"
686,1774040903,2026-03-20 21:08:23,BUY,Up,0.15,0.55,0.0825,"Bitcoin Up or Down - March 20, 5:05PM-5:10PM ET"
687,1774040917,2026-03-20 21:08:37,BUY,Up,0.08,69.90521,5.5924168,"Bitcoin Up or Down - March 20, 5:05PM-5:10PM ET"
688,1774040919,2026-03-20 21:08:39,BUY,Up,0.08,19.74323,1.5794584,"Bitcoin Up or Down - March 20, 5:05PM-5:10PM ET"
689,1774040919,2026-03-20 21:08:39,BUY,Up,0.11,70.0,7.7,"Bitcoin Up or Down - March 20, 5:05PM-5:10PM ET"
690,1774040925,2026-03-20 21:08:45,BUY,Down,0.8700000358455915,20.923075,18.203076,"Bitcoin Up or Down - March 20, 5:05PM-5:10PM ET"
691,1774040931,2026-03-20 21:08:51,BUY,Up,0.05,20.93,1.0465,"Bitcoin Up or Down - March 20, 5:05PM-5:10PM ET"
692,1774040939,2026-03-20 21:08:59,BUY,Up,0.24000000646716818,18.555262,4.453263,"Ethereum Up or Down - March 20, 5:05PM-5:10PM ET"
693,1774040939,2026-03-20 21:08:59,BUY,Up,0.24,31.44,7.5456,"Ethereum Up or Down - March 20, 5:05PM-5:10PM ET"
694,1774040939,2026-03-20 21:08:59,BUY,Up,0.25,4.95606,1.239015,"Ethereum Up or Down - March 20, 5:05PM-5:10PM ET"
695,1774040939,2026-03-20 21:08:59,BUY,Down,0.74,21.26,15.7324,"Ethereum Up or Down - March 20, 5:05PM-5:10PM ET"
696,1774040949,2026-03-20 21:09:09,BUY,Down,0.6100000083553879,40.692306,24.822307000000002,"Ethereum Up or Down - March 20, 5:05PM-5:10PM ET"
697,1774040949,2026-03-20 21:09:09,BUY,Up,0.35,49.35305,17.2735675,"Ethereum Up or Down - March 20, 5:05PM-5:10PM ET"
698,1774040957,2026-03-20 21:09:17,BUY,Down,0.56,35.0,19.6,"Ethereum Up or Down - March 20, 5:05PM-5:10PM ET"
699,1774040959,2026-03-20 21:09:19,BUY,Down,0.82,29.76,24.4032,"Bitcoin Up or Down - March 20, 5:05PM-5:10PM ET"
700,1774040961,2026-03-20 21:09:21,BUY,Down,0.82,70.0,57.4,"Bitcoin Up or Down - March 20, 5:05PM-5:10PM ET"
701,1774040961,2026-03-20 21:09:21,BUY,Down,0.82,70.0,57.4,"Bitcoin Up or Down - March 20, 5:05PM-5:10PM ET"
702,1774040961,2026-03-20 21:09:21,BUY,Down,0.82,70.0,57.4,"Bitcoin Up or Down - March 20, 5:05PM-5:10PM ET"
703,1774040967,2026-03-20 21:09:27,BUY,Up,0.14,29.76,4.1664,"Bitcoin Up or Down - March 20, 5:05PM-5:10PM ET"
704,1774040969,2026-03-20 21:09:29,BUY,Up,0.12000004746180215,1.685566,0.202268,"Bitcoin Up or Down - March 20, 5:05PM-5:10PM ET"
705,1774040971,2026-03-20 21:09:31,BUY,Up,0.12000003520017459,1.136358,0.13636299999999998,"Bitcoin Up or Down - March 20, 5:05PM-5:10PM ET"
706,1774040971,2026-03-20 21:09:31,BUY,Up,0.12000003520017459,1.136358,0.13636299999999998,"Bitcoin Up or Down - March 20, 5:05PM-5:10PM ET"
707,1774040971,2026-03-20 21:09:31,BUY,Up,0.12000001408000541,5.681816,0.681818,"Bitcoin Up or Down - March 20, 5:05PM-5:10PM ET"
708,1774040971,2026-03-20 21:09:31,BUY,Up,0.12000002933340569,1.363633,0.163636,"Bitcoin Up or Down - March 20, 5:05PM-5:10PM ET"
709,1774040971,2026-03-20 21:09:31,BUY,Up,0.12,2.272725,0.272727,"Bitcoin Up or Down - March 20, 5:05PM-5:10PM ET"
710,1774040971,2026-03-20 21:09:31,BUY,Up,0.12000001173336056,3.409083,0.40909,"Bitcoin Up or Down - March 20, 5:05PM-5:10PM ET"
711,1774040971,2026-03-20 21:09:31,BUY,Up,0.12,2.522725,0.30272699999999997,"Bitcoin Up or Down - March 20, 5:05PM-5:10PM ET"
712,1774040973,2026-03-20 21:09:33,BUY,Up,0.4,12.615680000000001,5.046272000000001,"Ethereum Up or Down - March 20, 5:05PM-5:10PM ET"
713,1774040977,2026-03-20 21:09:37,BUY,Up,0.08,2.0,0.16,"Bitcoin Up or Down - March 20, 5:05PM-5:10PM ET"
714,1774040977,2026-03-20 21:09:37,BUY,Up,0.08000000368000108,10.869562,0.8695649999999999,"Bitcoin Up or Down - March 20, 5:05PM-5:10PM ET"
715,1774040977,2026-03-20 21:09:37,BUY,Up,0.08,7.89,0.6312,"Bitcoin Up or Down - March 20, 5:05PM-5:10PM ET"
716,1774040977,2026-03-20 21:09:37,BUY,Up,0.08,20.39,1.6312,"Bitcoin Up or Down - March 20, 5:05PM-5:10PM ET"
717,1774040979,2026-03-20 21:09:39,BUY,Up,0.4,17.543680000000002,7.0174720000000015,"Ethereum Up or Down - March 20, 5:05PM-5:10PM ET"
718,1774040979,2026-03-20 21:09:39,BUY,Up,0.07000000093939432,10.645157,0.745161,"Bitcoin Up or Down - March 20, 5:05PM-5:10PM ET"
719,1774040983,2026-03-20 21:09:43,BUY,Up,0.06,70.0,4.2,"Bitcoin Up or Down - March 20, 5:05PM-5:10PM ET"
720,1774040985,2026-03-20 21:09:45,BUY,Up,0.04,68.99,2.7596,"Bitcoin Up or Down - March 20, 5:05PM-5:10PM ET"
721,1774040995,2026-03-20 21:09:55,BUY,Up,0.16,30.39,4.8624,"Ethereum Up or Down - March 20, 5:05PM-5:10PM ET"
722,1774040995,2026-03-20 21:09:55,BUY,Down,0.98,64.96,63.660799999999995,"Bitcoin Up or Down - March 20, 5:05PM-5:10PM ET"
723,1774040995,2026-03-20 21:09:55,BUY,Down,0.98,5.04,4.9392,"Bitcoin Up or Down - March 20, 5:05PM-5:10PM ET"
724,1774040995,2026-03-20 21:09:55,BUY,Down,0.99,69.99829,69.2983071,"Bitcoin Up or Down - March 20, 5:05PM-5:10PM ET"
725,1774040995,2026-03-20 21:09:55,BUY,Down,0.99,69.99829,69.2983071,"Bitcoin Up or Down - March 20, 5:05PM-5:10PM ET"
726,1774040995,2026-03-20 21:09:55,BUY,Up,0.16,1.25,0.2,"Ethereum Up or Down - March 20, 5:05PM-5:10PM ET"
727,1774040995,2026-03-20 21:09:55,BUY,Down,0.99,69.99829,69.2983071,"Bitcoin Up or Down - March 20, 5:05PM-5:10PM ET"
728,1774040995,2026-03-20 21:09:55,BUY,Up,0.16000002262627724,3.535712,0.565714,"Ethereum Up or Down - March 20, 5:05PM-5:10PM ET"
729,1774040995,2026-03-20 21:09:55,BUY,Up,0.16,14.82,2.3712,"Ethereum Up or Down - March 20, 5:05PM-5:10PM ET"
730,1774040995,2026-03-20 21:09:55,BUY,Down,0.99,69.99829,69.2983071,"Bitcoin Up or Down - March 20, 5:05PM-5:10PM ET"
731,1774040997,2026-03-20 21:09:57,BUY,Up,0.19,4.0,0.76,"Ethereum Up or Down - March 20, 5:05PM-5:10PM ET"
732,1774041001,2026-03-20 21:10:01,,,0.0,716.194131,0.0,"Bitcoin Up or Down - March 20, 5:05PM-5:10PM ET"
733,1774041003,2026-03-20 21:10:03,BUY,Down,0.99,70.0,69.3,"Bitcoin Up or Down - March 20, 5:05PM-5:10PM ET"
734,1774041025,2026-03-20 21:10:25,BUY,Down,0.5,4.0,2.0,"Bitcoin Up or Down - March 20, 5:10PM-5:15PM ET"
735,1774041025,2026-03-20 21:10:25,BUY,Down,0.5,30.901,15.4505,"Bitcoin Up or Down - March 20, 5:10PM-5:15PM ET"
736,1774041027,2026-03-20 21:10:27,BUY,Down,0.51,5.0,2.55,"Bitcoin Up or Down - March 20, 5:10PM-5:15PM ET"
737,1774041033,2026-03-20 21:10:33,BUY,Down,0.53,9.84488,5.2177864000000005,"Ethereum Up or Down - March 20, 5:10PM-5:15PM ET"
738,1774041033,2026-03-20 21:10:33,BUY,Down,0.55,68.92802,37.910411,"Bitcoin Up or Down - March 20, 5:10PM-5:15PM ET"
739,1774041033,2026-03-20 21:10:33,BUY,Down,0.54,10.14112,5.4762048000000005,"Bitcoin Up or Down - March 20, 5:10PM-5:15PM ET"
740,1774041033,2026-03-20 21:10:33,BUY,Down,0.53,29.62323,15.7003119,"Bitcoin Up or Down - March 20, 5:10PM-5:15PM ET"
741,1774041035,2026-03-20 21:10:35,BUY,Down,0.7,12.0,8.399999999999999,"Ethereum Up or Down - March 20, 5:10PM-5:15PM ET"
742,1774041037,2026-03-20 21:10:37,BUY,Down,0.7700000734722328,9.391303,7.231304000000001,"Ethereum Up or Down - March 20, 5:10PM-5:15PM ET"
743,1774041037,2026-03-20 21:10:37,BUY,Down,0.77,19.6,15.092000000000002,"Ethereum Up or Down - March 20, 5:10PM-5:15PM ET"
744,1774041037,2026-03-20 21:10:37,BUY,Down,0.77,9.0,6.93,"Ethereum Up or Down - March 20, 5:10PM-5:15PM ET"
745,1774041039,2026-03-20 21:10:39,BUY,Down,0.74,49.53728,36.6575872,"Ethereum Up or Down - March 20, 5:10PM-5:15PM ET"
746,1774041041,2026-03-20 21:10:41,BUY,Down,0.74,4.08,3.0192,"Bitcoin Up or Down - March 20, 5:10PM-5:15PM ET"
747,1774041041,2026-03-20 21:10:41,BUY,Down,0.74,5.0,3.7,"Bitcoin Up or Down - March 20, 5:10PM-5:15PM ET"
748,1774041041,2026-03-20 21:10:41,BUY,Down,0.74,5.0,3.7,"Bitcoin Up or Down - March 20, 5:10PM-5:15PM ET"
749,1774041041,2026-03-20 21:10:41,BUY,Down,0.74,3.54,2.6196,"Bitcoin Up or Down - March 20, 5:10PM-5:15PM ET"
750,1774041041,2026-03-20 21:10:41,BUY,Down,0.74,5.0,3.7,"Bitcoin Up or Down - March 20, 5:10PM-5:15PM ET"
751,1774041041,2026-03-20 21:10:41,BUY,Down,0.74,8.53,6.3122,"Bitcoin Up or Down - March 20, 5:10PM-5:15PM ET"
752,1774041041,2026-03-20 21:10:41,BUY,Down,0.74,5.0,3.7,"Bitcoin Up or Down - March 20, 5:10PM-5:15PM ET"
753,1774041041,2026-03-20 21:10:41,BUY,Down,0.74,5.0,3.7,"Bitcoin Up or Down - March 20, 5:10PM-5:15PM ET"
754,1774041041,2026-03-20 21:10:41,BUY,Down,0.74,5.0,3.7,"Bitcoin Up or Down - March 20, 5:10PM-5:15PM ET"
755,1774041041,2026-03-20 21:10:41,BUY,Down,0.74,5.0,3.7,"Bitcoin Up or Down - March 20, 5:10PM-5:15PM ET"
756,1774041041,2026-03-20 21:10:41,BUY,Down,0.74,5.0,3.7,"Bitcoin Up or Down - March 20, 5:10PM-5:15PM ET"
757,1774041041,2026-03-20 21:10:41,BUY,Down,0.74,5.0,3.7,"Bitcoin Up or Down - March 20, 5:10PM-5:15PM ET"
758,1774041041,2026-03-20 21:10:41,BUY,Down,0.74,5.0,3.7,"Bitcoin Up or Down - March 20, 5:10PM-5:15PM ET"
759,1774041041,2026-03-20 21:10:41,BUY,Down,0.71,18.39,13.0569,"Bitcoin Up or Down - March 20, 5:10PM-5:15PM ET"
760,1774041041,2026-03-20 21:10:41,BUY,Down,0.71,7.9,5.609,"Bitcoin Up or Down - March 20, 5:10PM-5:15PM ET"
761,1774041043,2026-03-20 21:10:43,BUY,Down,0.7600001321101402,4.541665,3.451666,"Bitcoin Up or Down - March 20, 5:10PM-5:15PM ET"
762,1774041043,2026-03-20 21:10:43,BUY,Down,0.76,20.47,15.5572,"Bitcoin Up or Down - March 20, 5:10PM-5:15PM ET"
763,1774041043,2026-03-20 21:10:43,BUY,Down,0.7600001440000576,4.166665,3.1666659999999998,"Bitcoin Up or Down - March 20, 5:10PM-5:15PM ET"
764,1774041043,2026-03-20 21:10:43,BUY,Down,0.76,12.3,9.348,"Bitcoin Up or Down - March 20, 5:10PM-5:15PM ET"
765,1774041043,2026-03-20 21:10:43,BUY,Down,0.76,12.3,9.348,"Bitcoin Up or Down - March 20, 5:10PM-5:15PM ET"
766,1774041043,2026-03-20 21:10:43,BUY,Down,0.7600001440000576,4.166665,3.1666659999999998,"Bitcoin Up or Down - March 20, 5:10PM-5:15PM ET"
767,1774041043,2026-03-20 21:10:43,BUY,Down,0.76,12.04,9.1504,"Bitcoin Up or Down - March 20, 5:10PM-5:15PM ET"
768,1774041049,2026-03-20 21:10:49,BUY,Up,0.21,70.0,14.7,"Bitcoin Up or Down - March 20, 5:10PM-5:15PM ET"
769,1774041053,2026-03-20 21:10:53,BUY,Up,0.25,49.56055,12.3901375,"Ethereum Up or Down - March 20, 5:10PM-5:15PM ET"
770,1774041055,2026-03-20 21:10:55,BUY,Down,0.7700000272244921,21.304346,16.404346999999998,"Bitcoin Up or Down - March 20, 5:10PM-5:15PM ET"
771,1774041055,2026-03-20 21:10:55,BUY,Down,0.77,70.0,53.9,"Bitcoin Up or Down - March 20, 5:10PM-5:15PM ET"
772,1774041057,2026-03-20 21:10:57,BUY,Down,0.76,15.97,12.1372,"Bitcoin Up or Down - March 20, 5:10PM-5:15PM ET"
773,1774041075,2026-03-20 21:11:15,BUY,Up,0.11000000326008041,3.067409,0.337415,"Bitcoin Up or Down - March 20, 5:10PM-5:15PM ET"
774,1774041075,2026-03-20 21:11:15,BUY,Up,0.11000000326008041,3.067409,0.337415,"Bitcoin Up or Down - March 20, 5:10PM-5:15PM ET"
775,1774041075,2026-03-20 21:11:15,BUY,Up,0.11000000326008041,3.067409,0.337415,"Bitcoin Up or Down - March 20, 5:10PM-5:15PM ET"
776,1774041075,2026-03-20 21:11:15,BUY,Up,0.11000000326008041,3.067409,0.337415,"Bitcoin Up or Down - March 20, 5:10PM-5:15PM ET"
777,1774041075,2026-03-20 21:11:15,BUY,Up,0.11000000326008041,3.067409,0.337415,"Bitcoin Up or Down - March 20, 5:10PM-5:15PM ET"
778,1774041075,2026-03-20 21:11:15,BUY,Up,0.11000000326008041,3.067409,0.337415,"Bitcoin Up or Down - March 20, 5:10PM-5:15PM ET"
779,1774041075,2026-03-20 21:11:15,BUY,Up,0.11000001826787649,0.547409,0.060215000000000005,"Bitcoin Up or Down - March 20, 5:10PM-5:15PM ET"
780,1774041075,2026-03-20 21:11:15,BUY,Up,0.11000000326008041,3.067409,0.337415,"Bitcoin Up or Down - March 20, 5:10PM-5:15PM ET"
781,1774041075,2026-03-20 21:11:15,BUY,Up,0.11,3.0337,0.33370700000000003,"Bitcoin Up or Down - March 20, 5:10PM-5:15PM ET"
782,1774041075,2026-03-20 21:11:15,BUY,Up,0.11000000326008041,3.067409,0.337415,"Bitcoin Up or Down - March 20, 5:10PM-5:15PM ET"
783,1774041075,2026-03-20 21:11:15,BUY,Up,0.11000000326008041,3.067409,0.337415,"Bitcoin Up or Down - March 20, 5:10PM-5:15PM ET"
784,1774041075,2026-03-20 21:11:15,BUY,Up,0.15,5.0,0.75,"Ethereum Up or Down - March 20, 5:10PM-5:15PM ET"
785,1774041075,2026-03-20 21:11:15,BUY,Up,0.11000000326008041,3.067409,0.337415,"Bitcoin Up or Down - March 20, 5:10PM-5:15PM ET"
786,1774041075,2026-03-20 21:11:15,BUY,Up,0.11000000326008041,3.067409,0.337415,"Bitcoin Up or Down - March 20, 5:10PM-5:15PM ET"
787,1774041075,2026-03-20 21:11:15,BUY,Up,0.11000000326008041,3.067409,0.337415,"Bitcoin Up or Down - March 20, 5:10PM-5:15PM ET"
788,1774041075,2026-03-20 21:11:15,BUY,Up,0.11000000326008041,3.067409,0.337415,"Bitcoin Up or Down - March 20, 5:10PM-5:15PM ET"
789,1774041075,2026-03-20 21:11:15,BUY,Up,0.11,1.93,0.2123,"Bitcoin Up or Down - March 20, 5:10PM-5:15PM ET"
790,1774041075,2026-03-20 21:11:15,BUY,Up,0.11000001956051436,2.044936,0.22494299999999998,"Bitcoin Up or Down - March 20, 5:10PM-5:15PM ET"
791,1774041075,2026-03-20 21:11:15,BUY,Up,0.11000000326008041,3.067409,0.337415,"Bitcoin Up or Down - March 20, 5:10PM-5:15PM ET"
792,1774041075,2026-03-20 21:11:15,BUY,Up,0.11000000326008041,3.067409,0.337415,"Bitcoin Up or Down - March 20, 5:10PM-5:15PM ET"
793,1774041075,2026-03-20 21:11:15,BUY,Up,0.11000001956051436,2.044936,0.22494299999999998,"Bitcoin Up or Down - March 20, 5:10PM-5:15PM ET"
794,1774041075,2026-03-20 21:11:15,BUY,Up,0.11000000326008041,3.067409,0.337415,"Bitcoin Up or Down - March 20, 5:10PM-5:15PM ET"
795,1774041075,2026-03-20 21:11:15,BUY,Up,0.11000001956051436,2.044936,0.22494299999999998,"Bitcoin Up or Down - March 20, 5:10PM-5:15PM ET"
796,1774041075,2026-03-20 21:11:15,BUY,Up,0.11000000326008041,3.067409,0.337415,"Bitcoin Up or Down - March 20, 5:10PM-5:15PM ET"
797,1774041075,2026-03-20 21:11:15,BUY,Up,0.11000000326008041,3.067409,0.337415,"Bitcoin Up or Down - March 20, 5:10PM-5:15PM ET"
798,1774041075,2026-03-20 21:11:15,BUY,Up,0.11000000326008041,3.067409,0.337415,"Bitcoin Up or Down - March 20, 5:10PM-5:15PM ET"
799,1774041077,2026-03-20 21:11:17,BUY,Down,0.8,69.48245,55.58596,"Bitcoin Up or Down - March 20, 5:10PM-5:15PM ET"
800,1774041111,2026-03-20 21:11:51,BUY,Up,0.13,13.2176,1.718288,"Ethereum Up or Down - March 20, 5:10PM-5:15PM ET"
801,1774041135,2026-03-20 21:12:15,BUY,Up,0.1,50.0,5.0,"Ethereum Up or Down - March 20, 5:10PM-5:15PM ET"
802,1774041155,2026-03-20 21:12:35,BUY,Down,0.82,23.79967,19.515729399999998,"Ethereum Up or Down - March 20, 5:10PM-5:15PM ET"
803,1774041167,2026-03-20 21:12:47,BUY,Down,0.83,24.87557,20.6467231,"Ethereum Up or Down - March 20, 5:10PM-5:15PM ET"
804,1774041167,2026-03-20 21:12:47,BUY,Up,0.17,39.80091,6.7661547,"Ethereum Up or Down - March 20, 5:10PM-5:15PM ET"
805,1774041167,2026-03-20 21:12:47,BUY,Up,0.16,17.411019999999997,2.7857631999999994,"Ethereum Up or Down - March 20, 5:10PM-5:15PM ET"
806,1774041177,2026-03-20 21:12:57,BUY,Up,0.2,4.968,0.9936,"Ethereum Up or Down - March 20, 5:10PM-5:15PM ET"
807,1774041181,2026-03-20 21:13:01,BUY,Down,0.742929115407147,16.91435,12.566163083186876,"Ethereum Up or Down - March 20, 5:10PM-5:15PM ET"
808,1774041183,2026-03-20 21:13:03,BUY,Up,0.2,49.68,9.936,"Ethereum Up or Down - March 20, 5:10PM-5:15PM ET"
809,1774041183,2026-03-20 21:13:03,BUY,Down,0.81,7.94,6.431400000000001,"Ethereum Up or Down - March 20, 5:10PM-5:15PM ET"
810,1774041183,2026-03-20 21:13:03,BUY,Down,0.8100000168829712,42.054209,34.06391,"Ethereum Up or Down - March 20, 5:10PM-5:15PM ET"
811,1774041183,2026-03-20 21:13:03,BUY,Up,0.19,50.0,9.5,"Ethereum Up or Down - March 20, 5:10PM-5:15PM ET"
812,1774041191,2026-03-20 21:13:11,BUY,Up,0.38,67.29,25.570200000000003,"Bitcoin Up or Down - March 20, 5:10PM-5:15PM ET"
813,1774041193,2026-03-20 21:13:13,BUY,Up,0.27,19.82557,5.3529039,"Bitcoin Up or Down - March 20, 5:10PM-5:15PM ET"
814,1774041195,2026-03-20 21:13:15,BUY,Up,0.24,6.73,1.6152,"Bitcoin Up or Down - March 20, 5:10PM-5:15PM ET"
815,1774041195,2026-03-20 21:13:15,BUY,Up,0.07,50.0,3.5000000000000004,"Ethereum Up or Down - March 20, 5:10PM-5:15PM ET"
816,1774041195,2026-03-20 21:13:15,BUY,Up,0.24,57.27,13.7448,"Bitcoin Up or Down - March 20, 5:10PM-5:15PM ET"
817,1774041195,2026-03-20 21:13:15,BUY,Up,0.24,6.0,1.44,"Bitcoin Up or Down - March 20, 5:10PM-5:15PM ET"
818,1774041197,2026-03-20 21:13:17,BUY,Up,0.19000002430009647,1.234563,0.234567,"Bitcoin Up or Down - March 20, 5:10PM-5:15PM ET"
819,1774041197,2026-03-20 21:13:17,BUY,Up,0.06000000659650623,6.063816,0.363829,"Ethereum Up or Down - March 20, 5:10PM-5:15PM ET"
820,1774041197,2026-03-20 21:13:17,BUY,Up,0.19,26.48,5.0312,"Bitcoin Up or Down - March 20, 5:10PM-5:15PM ET"
821,1774041197,2026-03-20 21:13:17,BUY,Up,0.19000000202500025,9.876542,1.876543,"Bitcoin Up or Down - March 20, 5:10PM-5:15PM ET"
822,1774041197,2026-03-20 21:13:17,BUY,Up,0.19,9.0,1.71,"Bitcoin Up or Down - March 20, 5:10PM-5:15PM ET"
823,1774041197,2026-03-20 21:13:17,BUY,Up,0.19,8.22,1.5618,"Bitcoin Up or Down - March 20, 5:10PM-5:15PM ET"
824,1774041197,2026-03-20 21:13:17,BUY,Up,0.06,25.06,1.5035999999999998,"Ethereum Up or Down - March 20, 5:10PM-5:15PM ET"
825,1774041197,2026-03-20 21:13:17,BUY,Up,0.06000000523679065,3.819133,0.229148,"Ethereum Up or Down - March 20, 5:10PM-5:15PM ET"
826,1774041197,2026-03-20 21:13:17,BUY,Up,0.19000002592001472,6.172836,1.172839,"Bitcoin Up or Down - March 20, 5:10PM-5:15PM ET"
827,1774041197,2026-03-20 21:13:17,BUY,Up,0.06,15.05,0.903,"Ethereum Up or Down - March 20, 5:10PM-5:15PM ET"
828,1774041197,2026-03-20 21:13:17,BUY,Up,0.19,9.0,1.71,"Bitcoin Up or Down - March 20, 5:10PM-5:15PM ET"
829,1774041199,2026-03-20 21:13:19,BUY,Up,0.16,9.6,1.536,"Bitcoin Up or Down - March 20, 5:10PM-5:15PM ET"
830,1774041199,2026-03-20 21:13:19,BUY,Up,0.15,6.0,0.8999999999999999,"Bitcoin Up or Down - March 20, 5:10PM-5:15PM ET"
831,1774041199,2026-03-20 21:13:19,BUY,Up,0.15,7.02,1.053,"Bitcoin Up or Down - March 20, 5:10PM-5:15PM ET"
832,1774041199,2026-03-20 21:13:19,BUY,Up,0.16,2.38095,0.380952,"Bitcoin Up or Down - March 20, 5:10PM-5:15PM ET"
833,1774041199,2026-03-20 21:13:19,BUY,Up,0.16,5.0,0.8,"Bitcoin Up or Down - March 20, 5:10PM-5:15PM ET"
834,1774041199,2026-03-20 21:13:19,BUY,Up,0.16,6.0,0.96,"Bitcoin Up or Down - March 20, 5:10PM-5:15PM ET"
835,1774041199,2026-03-20 21:13:19,BUY,Up,0.16,8.0,1.28,"Bitcoin Up or Down - March 20, 5:10PM-5:15PM ET"
836,1774041199,2026-03-20 21:13:19,BUY,Up,0.16,11.0,1.76,"Bitcoin Up or Down - March 20, 5:10PM-5:15PM ET"
837,1774041199,2026-03-20 21:13:19,BUY,Up,0.15,10.0,1.5,"Bitcoin Up or Down - March 20, 5:10PM-5:15PM ET"
