timestamp,side,outcome,price,size,usdc,market
2026-03-19 22:32:25.000,BUY,Up,0.35000008910215324,3.366922,0,"Bitcoin Up or Down - March 19, 6:30PM-6:35PM ET"
2026-03-19 22:32:25.000,BUY,Down,0.6499999967932905,61.562238,0,"Bitcoin Up or Down - March 19, 6:30PM-6:35PM ET"
2026-03-19 22:32:25.000,BUY,Down,0.64,34.59719,0,"Bitcoin Up or Down - March 19, 6:30PM-6:35PM ET"
2026-03-19 22:32:23.000,BUY,Up,0.35,3.81,0,"Bitcoin Up or Down - March 19, 6:30PM-6:35PM ET"
2026-03-19 22:32:23.000,BUY,Up,0.35,7,0,"Bitcoin Up or Down - March 19, 6:30PM-6:35PM ET"
2026-03-19 22:32:23.000,BUY,Up,0.42,5,0,"XRP Up or Down - March 19, 6:30PM-6:35PM ET"
2026-03-19 22:32:23.000,BUY,Up,0.35000000438261375,34.226151,0,"Bitcoin Up or Down - March 19, 6:30PM-6:35PM ET"
2026-03-19 22:32:21.000,BUY,Up,0.42,5,0,"XRP Up or Down - March 19, 6:30PM-6:35PM ET"
2026-03-19 22:32:21.000,BUY,Up,0.42,2,0,"XRP Up or Down - March 19, 6:30PM-6:35PM ET"
2026-03-19 22:32:21.000,BUY,Up,0.42,3.62,0,"XRP Up or Down - March 19, 6:30PM-6:35PM ET"
2026-03-19 22:32:21.000,BUY,Up,0.36,152.98246,0,"Bitcoin Up or Down - March 19, 6:30PM-6:35PM ET"
2026-03-19 22:32:19.000,BUY,Down,0.81,1.68,0,"Solana Up or Down - March 19, 6:30PM-6:35PM ET"
2026-03-19 22:32:17.000,BUY,Down,0.7,14.83463,0,"Bitcoin Up or Down - March 19, 6:30PM-6:35PM ET"
2026-03-19 22:32:17.000,BUY,Down,0.7,49.44875,0,"Bitcoin Up or Down - March 19, 6:30PM-6:35PM ET"
2026-03-19 22:32:17.000,BUY,Up,0.28,50,0,"Bitcoin Up or Down - March 19, 6:30PM-6:35PM ET"
2026-03-19 22:32:15.000,BUY,Down,0.8100001354455821,5.315788,0,"Solana Up or Down - March 19, 6:30PM-6:35PM ET"
2026-03-19 22:32:13.000,BUY,Up,0.5,34.45313,0,"Ethereum Up or Down - March 19, 6:30PM-6:35PM ET"
2026-03-19 22:32:11.000,BUY,Down,0.8199999978600553,74.361068,0,"Bitcoin Up or Down - March 19, 6:30PM-6:35PM ET"
2026-03-19 22:32:11.000,BUY,Up,0.12,13.96098,0,"Solana Up or Down - March 19, 6:30PM-6:35PM ET"
2026-03-19 22:32:09.000,BUY,Down,0.8199999929742954,19.818297,0,"Bitcoin Up or Down - March 19, 6:30PM-6:35PM ET"
2026-03-19 22:32:07.000,BUY,Up,0.15,4.7647,0,"XRP Up or Down - March 19, 6:30PM-6:35PM ET"
2026-03-19 22:32:07.000,BUY,Up,0.13000000644444917,3.103446,0,"Bitcoin Up or Down - March 19, 6:30PM-6:35PM ET"
2026-03-19 22:32:07.000,BUY,Up,0.13000000644444917,3.103446,0,"Bitcoin Up or Down - March 19, 6:30PM-6:35PM ET"
2026-03-19 22:32:07.000,BUY,Up,0.12,3.068175,0,"Bitcoin Up or Down - March 19, 6:30PM-6:35PM ET"
2026-03-19 22:32:07.000,BUY,Up,0.12,1.138175,0,"Bitcoin Up or Down - March 19, 6:30PM-6:35PM ET"
2026-03-19 22:32:07.000,BUY,Up,0.13000000644444917,3.103446,0,"Bitcoin Up or Down - March 19, 6:30PM-6:35PM ET"
2026-03-19 22:32:07.000,BUY,Up,0.13000000644444917,3.103446,0,"Bitcoin Up or Down - March 19, 6:30PM-6:35PM ET"
2026-03-19 22:32:07.000,BUY,Up,0.12,3.068175,0,"Bitcoin Up or Down - March 19, 6:30PM-6:35PM ET"
2026-03-19 22:32:07.000,BUY,Up,0.1500000850003315,1.176466,0,"XRP Up or Down - March 19, 6:30PM-6:35PM ET"
2026-03-19 22:32:07.000,BUY,Up,0.11,75,0,"Bitcoin Up or Down - March 19, 6:30PM-6:35PM ET"
2026-03-19 22:32:05.000,BUY,Down,0.8,9.21564,0,"XRP Up or Down - March 19, 6:30PM-6:35PM ET"
2026-03-19 22:32:01.000,BUY,Up,0.2,2.566625,0,"XRP Up or Down - March 19, 6:30PM-6:35PM ET"
2026-03-19 22:31:55.000,BUY,Down,0.8299999831983695,8.883275,0,"Bitcoin Up or Down - March 19, 6:30PM-6:35PM ET"
2026-03-19 22:31:53.000,BUY,Down,0.85,7,0,"Solana Up or Down - March 19, 6:30PM-6:35PM ET"
2026-03-19 22:31:53.000,BUY,Down,0.79,6.95184,0,"XRP Up or Down - March 19, 6:30PM-6:35PM ET"
2026-03-19 22:31:49.000,BUY,Down,0.8,7,0,"XRP Up or Down - March 19, 6:30PM-6:35PM ET"
2026-03-19 22:31:49.000,BUY,Down,0.81,7,0,"XRP Up or Down - March 19, 6:30PM-6:35PM ET"
2026-03-19 22:31:49.000,BUY,Down,0.82,7,0,"XRP Up or Down - March 19, 6:30PM-6:35PM ET"
2026-03-19 22:31:49.000,BUY,Down,0.87,7,0,"Solana Up or Down - March 19, 6:30PM-6:35PM ET"
2026-03-19 22:31:47.000,BUY,Down,0.8799999975044309,31.967456,0,"Solana Up or Down - March 19, 6:30PM-6:35PM ET"
2026-03-19 22:31:47.000,BUY,Down,0.88,3.05,0,"Solana Up or Down - March 19, 6:30PM-6:35PM ET"
2026-03-19 22:31:47.000,BUY,Down,0.88,6.379895,0,"Solana Up or Down - March 19, 6:30PM-6:35PM ET"
2026-03-19 22:31:47.000,BUY,Down,0.88,30.29032,0,"Solana Up or Down - March 19, 6:30PM-6:35PM ET"
2026-03-19 22:31:45.000,BUY,Up,0.14,9.02825,0,"Bitcoin Up or Down - March 19, 6:30PM-6:35PM ET"
2026-03-19 22:31:45.000,BUY,Down,0.88,3.95,0,"Solana Up or Down - March 19, 6:30PM-6:35PM ET"
2026-03-19 22:31:41.000,BUY,Up,0.17,7,0,"XRP Up or Down - March 19, 6:30PM-6:35PM ET"
2026-03-19 22:31:37.000,BUY,Up,0.19,17.98289,0,"XRP Up or Down - March 19, 6:30PM-6:35PM ET"
2026-03-19 22:31:37.000,BUY,Up,0.32,35,0,"Ethereum Up or Down - March 19, 6:30PM-6:35PM ET"
2026-03-19 22:31:35.000,,,0,548.07665,0,"Bitcoin Up or Down - March 19, 6:25PM-6:30PM ET"
2026-03-19 22:31:33.000,BUY,Up,0.2566717233505191,105.39361699999999,0,"Ethereum Up or Down - March 19, 6:30PM-6:35PM ET"
2026-03-19 22:31:25.000,BUY,Up,0.25,6.36,0,"Ethereum Up or Down - March 19, 6:30PM-6:35PM ET"
2026-03-19 22:31:25.000,BUY,Up,0.25,28.64,0,"Ethereum Up or Down - March 19, 6:30PM-6:35PM ET"
2026-03-19 22:31:21.000,BUY,Down,0.84,9.030465,0,"Bitcoin Up or Down - March 19, 6:30PM-6:35PM ET"
2026-03-19 22:31:19.000,BUY,Up,0.10999997916067042,37.818259000000005,0,"Solana Up or Down - March 19, 6:30PM-6:35PM ET"
2026-03-19 22:31:19.000,BUY,Up,0.24,9.91683,0,"XRP Up or Down - March 19, 6:30PM-6:35PM ET"
2026-03-19 22:31:19.000,BUY,Up,0.11,37.90895,0,"Solana Up or Down - March 19, 6:30PM-6:35PM ET"
2026-03-19 22:31:17.000,BUY,Up,0.22,7.14,0,"Ethereum Up or Down - March 19, 6:30PM-6:35PM ET"
2026-03-19 22:31:17.000,BUY,Up,0.22,5,0,"Ethereum Up or Down - March 19, 6:30PM-6:35PM ET"
2026-03-19 22:31:17.000,BUY,Up,0.22,5,0,"Ethereum Up or Down - March 19, 6:30PM-6:35PM ET"
2026-03-19 22:31:17.000,BUY,Up,0.22,5,0,"Ethereum Up or Down - March 19, 6:30PM-6:35PM ET"
2026-03-19 22:31:17.000,BUY,Up,0.22,5,0,"Ethereum Up or Down - March 19, 6:30PM-6:35PM ET"
2026-03-19 22:31:13.000,BUY,Up,0.09,20.44,0,"Bitcoin Up or Down - March 19, 6:30PM-6:35PM ET"
2026-03-19 22:31:07.000,BUY,Down,0.86,14.417570000000001,0,"Ethereum Up or Down - March 19, 6:30PM-6:35PM ET"
2026-03-19 22:31:05.000,BUY,Down,0.83,2.22886,0,"XRP Up or Down - March 19, 6:30PM-6:35PM ET"
2026-03-19 22:31:05.000,BUY,Down,0.87,6.97762,0,"XRP Up or Down - March 19, 6:30PM-6:35PM ET"
2026-03-19 22:31:05.000,BUY,Down,0.87,6.97762,0,"XRP Up or Down - March 19, 6:30PM-6:35PM ET"
2026-03-19 22:31:05.000,BUY,Down,0.8699999864239203,8.810816,0,"XRP Up or Down - March 19, 6:30PM-6:35PM ET"
2026-03-19 22:31:05.000,BUY,Down,0.8100001074590437,6.421051,0,"XRP Up or Down - March 19, 6:30PM-6:35PM ET"
2026-03-19 22:31:01.000,BUY,Up,0.16,7,0,"XRP Up or Down - March 19, 6:30PM-6:35PM ET"
2026-03-19 22:30:57.000,BUY,Down,0.81,7,0,"XRP Up or Down - March 19, 6:30PM-6:35PM ET"
2026-03-19 22:30:57.000,BUY,Down,0.81,67.73653,0,"Ethereum Up or Down - March 19, 6:30PM-6:35PM ET"
2026-03-19 22:30:53.000,BUY,Down,0.82,6.96188,0,"Solana Up or Down - March 19, 6:30PM-6:35PM ET"
2026-03-19 22:30:51.000,BUY,Down,0.75,10.374674,0,"Bitcoin Up or Down - March 19, 6:30PM-6:35PM ET"
2026-03-19 22:30:49.000,BUY,Down,0.7399999976507935,42.173635000000004,0,"Bitcoin Up or Down - March 19, 6:30PM-6:35PM ET"
2026-03-19 22:30:49.000,BUY,Down,0.7399999946142641,18.395735,0,"Bitcoin Up or Down - March 19, 6:30PM-6:35PM ET"
2026-03-19 22:30:49.000,BUY,Down,0.7399999905818158,14.727300999999999,0,"Bitcoin Up or Down - March 19, 6:30PM-6:35PM ET"
2026-03-19 22:30:47.000,BUY,Up,0.35,14.66,0,"Bitcoin Up or Down - March 19, 6:30PM-6:35PM ET"
2026-03-19 22:30:47.000,BUY,Up,0.35,2.01,0,"Bitcoin Up or Down - March 19, 6:30PM-6:35PM ET"
2026-03-19 22:30:47.000,BUY,Up,0.35,40,0,"Bitcoin Up or Down - March 19, 6:30PM-6:35PM ET"
2026-03-19 22:30:47.000,BUY,Down,0.8,1.5,0,"XRP Up or Down - March 19, 6:30PM-6:35PM ET"
2026-03-19 22:30:47.000,BUY,Down,0.8,5.5,0,"XRP Up or Down - March 19, 6:30PM-6:35PM ET"
2026-03-19 22:30:45.000,BUY,Down,0.6699999648109114,7.0176549999999995,0,"XRP Up or Down - March 19, 6:30PM-6:35PM ET"
2026-03-19 22:30:45.000,BUY,Down,0.6699999648109114,7.0176549999999995,0,"XRP Up or Down - March 19, 6:30PM-6:35PM ET"
2026-03-19 22:30:45.000,BUY,Up,0.3411949685534591,31.398320000000002,0,"XRP Up or Down - March 19, 6:30PM-6:35PM ET"
2026-03-19 22:30:45.000,BUY,Up,0.3500000054575995,18.323074,0,"Bitcoin Up or Down - March 19, 6:30PM-6:35PM ET"
2026-03-19 22:30:45.000,BUY,Down,0.8,6.57018,0,"Solana Up or Down - March 19, 6:30PM-6:35PM ET"
2026-03-19 22:30:45.000,BUY,Down,0.68,0.28657,0,"XRP Up or Down - March 19, 6:30PM-6:35PM ET"
2026-03-19 22:30:45.000,BUY,Down,0.76,16.85861,0,"Solana Up or Down - March 19, 6:30PM-6:35PM ET"
2026-03-19 22:30:45.000,BUY,Down,0.7,7.02173,0,"Solana Up or Down - March 19, 6:30PM-6:35PM ET"
2026-03-19 22:30:45.000,BUY,Down,0.659999994033897,13.240288000000001,0,"XRP Up or Down - March 19, 6:30PM-6:35PM ET"
2026-03-19 22:30:45.000,BUY,Down,0.71,5.93641,0,"Solana Up or Down - March 19, 6:30PM-6:35PM ET"
2026-03-19 22:30:41.000,BUY,Up,0.35,2.96119,0,"XRP Up or Down - March 19, 6:30PM-6:35PM ET"
2026-03-19 22:30:41.000,BUY,Down,0.6300001369000863,2.702701,0,"Solana Up or Down - March 19, 6:30PM-6:35PM ET"
2026-03-19 22:30:33.000,BUY,Down,0.6300001031441551,5.914053,0,"Solana Up or Down - March 19, 6:30PM-6:35PM ET"
2026-03-19 22:30:31.000,,,0,370.083058,0,"Ethereum Up or Down - March 19, 6:20PM-6:25PM ET"
2026-03-19 22:30:31.000,,,0,209.278362,0,"Solana Up or Down - March 19, 6:20PM-6:25PM ET"
2026-03-19 22:30:31.000,,,0,224.983679,0,"Bitcoin Up or Down - March 19, 6:20PM-6:25PM ET"
2026-03-19 22:30:31.000,,,0,125.207358,0,"XRP Up or Down - March 19, 6:20PM-6:25PM ET"
2026-03-19 22:30:29.000,BUY,Down,0.68,7,0,"XRP Up or Down - March 19, 6:30PM-6:35PM ET"
2026-03-19 22:30:27.000,BUY,Down,0.63,7,0,"Solana Up or Down - March 19, 6:30PM-6:35PM ET"
2026-03-19 22:30:25.000,BUY,Up,0.290004970296561,0.042251,0,"XRP Up or Down - March 19, 6:30PM-6:35PM ET"
2026-03-19 22:30:25.000,BUY,Down,0.61,65.41121,0,"Ethereum Up or Down - March 19, 6:30PM-6:35PM ET"
2026-03-19 22:30:25.000,BUY,Up,0.29,5,0,"XRP Up or Down - March 19, 6:30PM-6:35PM ET"
2026-03-19 22:30:23.000,BUY,Down,0.5599999803508744,10.024080000000001,0,"Solana Up or Down - March 19, 6:30PM-6:35PM ET"
2026-03-19 22:30:21.000,BUY,Down,0.49,75,0,"Bitcoin Up or Down - March 19, 6:30PM-6:35PM ET"
2026-03-19 22:30:21.000,BUY,Down,0.5099999978497508,50.358181,0,"Bitcoin Up or Down - March 19, 6:30PM-6:35PM ET"
2026-03-19 22:30:19.000,BUY,Down,0.55,4.81,0,"XRP Up or Down - March 19, 6:30PM-6:35PM ET"
2026-03-19 22:30:17.000,BUY,Down,0.52,18.54657,0,"Bitcoin Up or Down - March 19, 6:30PM-6:35PM ET"
2026-03-19 22:30:15.000,BUY,Down,0.52,15,0,"Bitcoin Up or Down - March 19, 6:30PM-6:35PM ET"
2026-03-19 22:30:15.000,BUY,Down,0.55,16.23,0,"Bitcoin Up or Down - March 19, 6:30PM-6:35PM ET"
2026-03-19 22:30:15.000,BUY,Down,0.55,13.66,0,"Bitcoin Up or Down - March 19, 6:30PM-6:35PM ET"
2026-03-19 22:30:13.000,BUY,Down,0.52,44,0,"Bitcoin Up or Down - March 19, 6:30PM-6:35PM ET"
2026-03-19 22:30:13.000,BUY,Down,0.53,75,0,"Bitcoin Up or Down - March 19, 6:30PM-6:35PM ET"
2026-03-19 22:30:13.000,BUY,Down,0.5200001728001106,2.083332,0,"Bitcoin Up or Down - March 19, 6:30PM-6:35PM ET"
2026-03-19 22:30:13.000,BUY,Down,0.5200001728001106,2.083332,0,"Bitcoin Up or Down - March 19, 6:30PM-6:35PM ET"
2026-03-19 22:30:13.000,BUY,Down,0.5200000806723232,2.479165,0,"Bitcoin Up or Down - March 19, 6:30PM-6:35PM ET"
2026-03-19 22:30:13.000,BUY,Up,0.4622492995352189,31.032896,0,"Solana Up or Down - March 19, 6:30PM-6:35PM ET"
2026-03-19 22:30:11.000,BUY,Down,0.5300000071392407,58.829786,0,"Bitcoin Up or Down - March 19, 6:30PM-6:35PM ET"
2026-03-19 22:30:11.000,BUY,Down,0.53,5,0,"Bitcoin Up or Down - March 19, 6:30PM-6:35PM ET"
2026-03-19 22:30:11.000,BUY,Up,0.4400000078531543,35.654463,0,"Bitcoin Up or Down - March 19, 6:30PM-6:35PM ET"
2026-03-19 22:30:11.000,BUY,Down,0.53,11.17,0,"Bitcoin Up or Down - March 19, 6:30PM-6:35PM ET"
2026-03-19 22:30:11.000,BUY,Down,0.5500000366847996,4.088887,0,"Bitcoin Up or Down - March 19, 6:30PM-6:35PM ET"
2026-03-19 22:30:09.000,BUY,Down,0.55,41.02,0,"Bitcoin Up or Down - March 19, 6:30PM-6:35PM ET"
2026-03-19 22:30:09.000,BUY,Up,0.46,123.0718,0,"Bitcoin Up or Down - March 19, 6:30PM-6:35PM ET"
2026-03-19 22:30:09.000,BUY,Down,0.54,75,0,"Bitcoin Up or Down - March 19, 6:30PM-6:35PM ET"
2026-03-19 22:30:01.000,BUY,Up,0.08,24.34,0,"Ethereum Up or Down - March 19, 6:25PM-6:30PM ET"
2026-03-19 22:30:01.000,BUY,Up,0.06,28.46,0,"Ethereum Up or Down - March 19, 6:25PM-6:30PM ET"
2026-03-19 22:30:01.000,BUY,Up,0.060000012659966594,3.159566,0,"Ethereum Up or Down - March 19, 6:25PM-6:30PM ET"
2026-03-19 22:29:59.000,BUY,Up,0.060000005918677955,3.379133,0,"Ethereum Up or Down - March 19, 6:25PM-6:30PM ET"
2026-03-19 22:29:59.000,BUY,Up,0.08000000375510624,10.652162,0,"Ethereum Up or Down - March 19, 6:25PM-6:30PM ET"
2026-03-19 22:29:59.000,BUY,Down,0.9,129.91417,0,"Bitcoin Up or Down - March 19, 6:25PM-6:30PM ET"
2026-03-19 22:29:59.000,BUY,Up,0.86,7,0,"XRP Up or Down - March 19, 6:25PM-6:30PM ET"
2026-03-19 22:29:57.000,BUY,Down,0.9,77.34307,0,"Bitcoin Up or Down - March 19, 6:25PM-6:30PM ET"
2026-03-19 22:29:57.000,BUY,Down,0.049476827210177855,230.96223,0,"Ethereum Up or Down - March 19, 6:25PM-6:30PM ET"
2026-03-19 22:29:57.000,BUY,Up,0.5899999994591667,200.414469,0,"Bitcoin Up or Down - March 19, 6:25PM-6:30PM ET"
2026-03-19 22:29:57.000,BUY,Down,0.03,5.148910000000001,0,"XRP Up or Down - March 19, 6:25PM-6:30PM ET"
2026-03-19 22:29:57.000,BUY,Up,0.5899999980333333,75.15542500000001,0,"Bitcoin Up or Down - March 19, 6:25PM-6:30PM ET"
2026-03-19 22:29:57.000,BUY,Up,0.5899999980333333,75.15542500000001,0,"Bitcoin Up or Down - March 19, 6:25PM-6:30PM ET"
2026-03-19 22:29:53.000,BUY,Up,0.54,75,0,"Bitcoin Up or Down - March 19, 6:25PM-6:30PM ET"
2026-03-19 22:29:53.000,BUY,Up,0.53,75,0,"Bitcoin Up or Down - March 19, 6:25PM-6:30PM ET"
2026-03-19 22:29:51.000,BUY,Up,0.52,68.06315000000001,0,"Bitcoin Up or Down - March 19, 6:25PM-6:30PM ET"
2026-03-19 22:29:49.000,BUY,Up,0.95,6.99606,0,"XRP Up or Down - March 19, 6:25PM-6:30PM ET"
2026-03-19 22:29:49.000,BUY,Up,0.95,6.99606,0,"XRP Up or Down - March 19, 6:25PM-6:30PM ET"
2026-03-19 22:29:49.000,BUY,Up,0.93,9.237509999999999,0,"XRP Up or Down - March 19, 6:25PM-6:30PM ET"
2026-03-19 22:29:49.000,BUY,Up,0.92,7,0,"XRP Up or Down - March 19, 6:25PM-6:30PM ET"
2026-03-19 22:29:49.000,BUY,Up,0.92,7,0,"XRP Up or Down - March 19, 6:25PM-6:30PM ET"
2026-03-19 22:29:43.000,BUY,Down,0.03,14,0,"Ethereum Up or Down - March 19, 6:25PM-6:30PM ET"
2026-03-19 22:29:43.000,BUY,Up,0.87,7,0,"XRP Up or Down - March 19, 6:25PM-6:30PM ET"
2026-03-19 22:29:43.000,BUY,Down,0.030000004850053327,2.061833,0,"Ethereum Up or Down - March 19, 6:25PM-6:30PM ET"
2026-03-19 22:29:43.000,BUY,Down,0.030000002002068937,9.989666,0,"Ethereum Up or Down - March 19, 6:25PM-6:30PM ET"
2026-03-19 22:29:41.000,BUY,Down,0.03,5,0,"Ethereum Up or Down - March 19, 6:25PM-6:30PM ET"
2026-03-19 22:29:41.000,BUY,Down,0.21,7.12067,0,"XRP Up or Down - March 19, 6:25PM-6:30PM ET"
2026-03-19 22:29:41.000,BUY,Down,0.6,13.469875,0,"Solana Up or Down - March 19, 6:25PM-6:30PM ET"
2026-03-19 22:29:37.000,BUY,Up,0.4,7,0,"Solana Up or Down - March 19, 6:25PM-6:30PM ET"
2026-03-19 22:29:37.000,BUY,Up,0.42,7,0,"Solana Up or Down - March 19, 6:25PM-6:30PM ET"
2026-03-19 22:29:37.000,BUY,Up,0.39,7,0,"Solana Up or Down - March 19, 6:25PM-6:30PM ET"
2026-03-19 22:29:37.000,BUY,Down,0.22,5.44,0,"XRP Up or Down - March 19, 6:25PM-6:30PM ET"
2026-03-19 22:29:35.000,BUY,Down,0.21,12.702,0,"XRP Up or Down - March 19, 6:25PM-6:30PM ET"
2026-03-19 22:29:35.000,BUY,Down,0.579999995307206,67.178054,0,"Bitcoin Up or Down - March 19, 6:25PM-6:30PM ET"
2026-03-19 22:29:35.000,BUY,Down,0.5933774834437087,7.440119999999999,0,"Solana Up or Down - March 19, 6:25PM-6:30PM ET"
2026-03-19 22:29:35.000,BUY,Down,0.5592920855160697,139.11445999999998,0,"Bitcoin Up or Down - March 19, 6:25PM-6:30PM ET"
2026-03-19 22:29:35.000,BUY,Down,0.58,9.11278,0,"Bitcoin Up or Down - March 19, 6:25PM-6:30PM ET"
2026-03-19 22:29:33.000,BUY,Down,0.2,1.07,0,"XRP Up or Down - March 19, 6:25PM-6:30PM ET"
2026-03-19 22:29:31.000,BUY,Up,0.36,7,0,"Solana Up or Down - March 19, 6:25PM-6:30PM ET"
2026-03-19 22:29:09.000,BUY,Down,0.6,6.8992,0,"Solana Up or Down - March 19, 6:25PM-6:30PM ET"
2026-03-19 22:29:07.000,BUY,Up,0.68,3,0,"XRP Up or Down - March 19, 6:25PM-6:30PM ET"
2026-03-19 22:29:07.000,BUY,Down,0.6,5.338675,0,"Solana Up or Down - March 19, 6:25PM-6:30PM ET"
2026-03-19 22:29:05.000,BUY,Down,0.1,4.84444,0,"Ethereum Up or Down - March 19, 6:25PM-6:30PM ET"
2026-03-19 22:29:05.000,BUY,Down,0.1,5.11,0,"Ethereum Up or Down - March 19, 6:25PM-6:30PM ET"
2026-03-19 22:29:05.000,BUY,Down,0.550000017670161,8.488887,0,"Bitcoin Up or Down - March 19, 6:25PM-6:30PM ET"
2026-03-19 22:29:05.000,BUY,Down,0.55,4.8,0,"Bitcoin Up or Down - March 19, 6:25PM-6:30PM ET"
2026-03-19 22:29:03.000,,,0,547.318186,0,"Bitcoin Up or Down - March 19, 6:25PM-6:30PM ET"
2026-03-19 22:29:03.000,BUY,Up,0.6599999898656412,7.794568,0,"XRP Up or Down - March 19, 6:25PM-6:30PM ET"
2026-03-19 22:28:57.000,BUY,Down,0.57,23.63956,0,"Solana Up or Down - March 19, 6:25PM-6:30PM ET"
2026-03-19 22:28:57.000,BUY,Down,0.5699999763658489,14.169912,0,"Solana Up or Down - March 19, 6:25PM-6:30PM ET"
2026-03-19 22:28:57.000,BUY,Down,0.6,5.28282,0,"Solana Up or Down - March 19, 6:25PM-6:30PM ET"
2026-03-19 22:28:57.000,BUY,Down,0.6,2.41472,0,"Solana Up or Down - March 19, 6:25PM-6:30PM ET"
2026-03-19 22:28:57.000,BUY,Down,0.5699999668497543,10.696558,0,"Solana Up or Down - March 19, 6:25PM-6:30PM ET"
2026-03-19 22:28:55.000,BUY,Up,0.42096528070211997,7.0440309999999995,0,"Solana Up or Down - March 19, 6:25PM-6:30PM ET"
2026-03-19 22:28:55.000,BUY,Up,0.4199999581395252,7.060355,0,"Solana Up or Down - March 19, 6:25PM-6:30PM ET"
2026-03-19 22:28:55.000,BUY,Up,0.41999994091742143,7.670213,0,"Solana Up or Down - March 19, 6:25PM-6:30PM ET"
2026-03-19 22:28:53.000,BUY,Up,0.9,5,0,"Ethereum Up or Down - March 19, 6:25PM-6:30PM ET"
2026-03-19 22:28:53.000,BUY,Up,0.9,3,0,"Ethereum Up or Down - March 19, 6:25PM-6:30PM ET"
2026-03-19 22:28:53.000,BUY,Up,0.9,5,0,"Ethereum Up or Down - March 19, 6:25PM-6:30PM ET"
2026-03-19 22:28:53.000,BUY,Up,0.9,5,0,"Ethereum Up or Down - March 19, 6:25PM-6:30PM ET"
2026-03-19 22:28:53.000,BUY,Up,0.9,5,0,"Ethereum Up or Down - March 19, 6:25PM-6:30PM ET"
2026-03-19 22:28:53.000,BUY,Up,0.9,5,0,"Ethereum Up or Down - March 19, 6:25PM-6:30PM ET"
2026-03-19 22:28:53.000,BUY,Up,0.9,2,0,"Ethereum Up or Down - March 19, 6:25PM-6:30PM ET"
2026-03-19 22:28:53.000,BUY,Up,0.9,5,0,"Ethereum Up or Down - March 19, 6:25PM-6:30PM ET"
2026-03-19 22:28:47.000,BUY,Down,0.54,20,0,"Bitcoin Up or Down - March 19, 6:25PM-6:30PM ET"
2026-03-19 22:28:47.000,BUY,Down,0.54,5,0,"Bitcoin Up or Down - March 19, 6:25PM-6:30PM ET"
2026-03-19 22:28:47.000,BUY,Down,0.54,50,0,"Bitcoin Up or Down - March 19, 6:25PM-6:30PM ET"
2026-03-19 22:28:37.000,BUY,Down,0.5400000032200002,43.478259,0,"Bitcoin Up or Down - March 19, 6:25PM-6:30PM ET"
2026-03-19 22:28:37.000,BUY,Down,0.54,2.09,0,"Bitcoin Up or Down - March 19, 6:25PM-6:30PM ET"
2026-03-19 22:28:37.000,BUY,Down,0.54,5,0,"Bitcoin Up or Down - March 19, 6:25PM-6:30PM ET"
2026-03-19 22:28:37.000,BUY,Down,0.54,5,0,"Bitcoin Up or Down - March 19, 6:25PM-6:30PM ET"
2026-03-19 22:28:37.000,BUY,Down,0.5400000214929659,15.819129,0,"Bitcoin Up or Down - March 19, 6:25PM-6:30PM ET"
2026-03-19 22:28:35.000,BUY,Up,0.41,9.85372,0,"Solana Up or Down - March 19, 6:25PM-6:30PM ET"
2026-03-19 22:28:35.000,BUY,Up,0.85,16.920959999999997,0,"Ethereum Up or Down - March 19, 6:25PM-6:30PM ET"
2026-03-19 22:28:35.000,BUY,Up,0.84,6.25,0,"Ethereum Up or Down - March 19, 6:25PM-6:30PM ET"
2026-03-19 22:28:35.000,BUY,Up,0.84,1.25,0,"Ethereum Up or Down - March 19, 6:25PM-6:30PM ET"
2026-03-19 22:28:35.000,BUY,Down,0.35,3,0,"XRP Up or Down - March 19, 6:25PM-6:30PM ET"
2026-03-19 22:28:33.000,BUY,Up,0.48,75,0,"Bitcoin Up or Down - March 19, 6:25PM-6:30PM ET"
2026-03-19 22:28:33.000,BUY,Down,0.15,8.29615,0,"Ethereum Up or Down - March 19, 6:25PM-6:30PM ET"
2026-03-19 22:28:33.000,BUY,Down,0.51,62.05,0,"Bitcoin Up or Down - March 19, 6:25PM-6:30PM ET"
2026-03-19 22:28:31.000,BUY,Down,0.1500000850003315,1.176466,0,"Ethereum Up or Down - March 19, 6:25PM-6:30PM ET"
2026-03-19 22:28:31.000,BUY,Down,0.51,12.95,0,"Bitcoin Up or Down - March 19, 6:25PM-6:30PM ET"
2026-03-19 22:28:27.000,BUY,Up,0.77,35,0,"Ethereum Up or Down - March 19, 6:25PM-6:30PM ET"
2026-03-19 22:28:27.000,BUY,Down,0.22,14,0,"Ethereum Up or Down - March 19, 6:25PM-6:30PM ET"
2026-03-19 22:28:25.000,BUY,Down,0.5500000039858755,37.632887,0,"Bitcoin Up or Down - March 19, 6:25PM-6:30PM ET"
2026-03-19 22:28:23.000,BUY,Up,0.4,6.416665,0,"Solana Up or Down - March 19, 6:25PM-6:30PM ET"
2026-03-19 22:28:19.000,BUY,Up,0.26,43.48,0,"Bitcoin Up or Down - March 19, 6:25PM-6:30PM ET"
2026-03-19 22:28:19.000,BUY,Up,0.26,13,0,"Bitcoin Up or Down - March 19, 6:25PM-6:30PM ET"
2026-03-19 22:28:19.000,BUY,Up,0.26,5,0,"Bitcoin Up or Down - March 19, 6:25PM-6:30PM ET"
2026-03-19 22:28:19.000,BUY,Up,0.2600000103600019,13.513511,0,"Bitcoin Up or Down - March 19, 6:25PM-6:30PM ET"
2026-03-19 22:28:19.000,BUY,Down,0.75,23.78907,0,"Solana Up or Down - March 19, 6:25PM-6:30PM ET"
2026-03-19 22:28:17.000,BUY,Down,0.66,3.58,0,"Bitcoin Up or Down - March 19, 6:25PM-6:30PM ET"
2026-03-19 22:28:17.000,BUY,Down,0.66,10.14,0,"Bitcoin Up or Down - March 19, 6:25PM-6:30PM ET"
2026-03-19 22:28:17.000,BUY,Down,0.66,2.06,0,"Bitcoin Up or Down - March 19, 6:25PM-6:30PM ET"
2026-03-19 22:28:17.000,BUY,Down,0.6600000850000167,6.588234,0,"Bitcoin Up or Down - March 19, 6:25PM-6:30PM ET"
2026-03-19 22:28:15.000,BUY,Up,0.43,7,0,"XRP Up or Down - March 19, 6:25PM-6:30PM ET"
2026-03-19 22:28:15.000,BUY,Up,0.35,7,0,"Solana Up or Down - March 19, 6:25PM-6:30PM ET"
2026-03-19 22:28:13.000,BUY,Down,0.6200001153103893,3.815788,0,"Solana Up or Down - March 19, 6:25PM-6:30PM ET"
2026-03-19 22:28:13.000,BUY,Up,0.36,7,0,"Solana Up or Down - March 19, 6:25PM-6:30PM ET"
2026-03-19 22:28:13.000,BUY,Down,0.62,3.18,0,"Solana Up or Down - March 19, 6:25PM-6:30PM ET"
2026-03-19 22:28:09.000,BUY,Up,0.32,4.03,0,"Bitcoin Up or Down - March 19, 6:25PM-6:30PM ET"
2026-03-19 22:28:05.000,BUY,Down,0.74,2,0,"Solana Up or Down - March 19, 6:25PM-6:30PM ET"
2026-03-19 22:28:05.000,BUY,Down,0.74,5,0,"Solana Up or Down - March 19, 6:25PM-6:30PM ET"
2026-03-19 22:28:03.000,BUY,Down,0.74,1,0,"Solana Up or Down - March 19, 6:25PM-6:30PM ET"
2026-03-19 22:28:03.000,BUY,Down,0.74,5,0,"Solana Up or Down - March 19, 6:25PM-6:30PM ET"
2026-03-19 22:28:03.000,BUY,Up,0.3300000018272729,16.417909,0,"Bitcoin Up or Down - March 19, 6:25PM-6:30PM ET"
2026-03-19 22:28:03.000,BUY,Down,0.74,1,0,"Solana Up or Down - March 19, 6:25PM-6:30PM ET"
2026-03-19 22:28:03.000,BUY,Up,0.33000004156935564,4.089551,0,"Bitcoin Up or Down - March 19, 6:25PM-6:30PM ET"
2026-03-19 22:28:03.000,BUY,Up,0.33,3.27,0,"Bitcoin Up or Down - March 19, 6:25PM-6:30PM ET"
2026-03-19 22:28:03.000,BUY,Up,0.33,9.92,0,"Bitcoin Up or Down - March 19, 6:25PM-6:30PM ET"
2026-03-19 22:28:03.000,BUY,Up,0.33000000924970085,24.865669,0,"Bitcoin Up or Down - March 19, 6:25PM-6:30PM ET"
2026-03-19 22:28:01.000,BUY,Up,0.34,48.04,0,"Bitcoin Up or Down - March 19, 6:25PM-6:30PM ET"
2026-03-19 22:28:01.000,BUY,Up,0.33000001608000123,14.925372,0,"Bitcoin Up or Down - March 19, 6:25PM-6:30PM ET"
2026-03-19 22:28:01.000,BUY,Up,0.34000017600012067,1.590908,0,"Bitcoin Up or Down - March 19, 6:25PM-6:30PM ET"
2026-03-19 22:28:01.000,BUY,Up,0.45,1.81818,0,"XRP Up or Down - March 19, 6:25PM-6:30PM ET"
2026-03-19 22:28:01.000,BUY,Up,0.34,1.51515,0,"Bitcoin Up or Down - March 19, 6:25PM-6:30PM ET"
2026-03-19 22:28:01.000,BUY,Up,0.3300000804000707,1.492536,0,"Bitcoin Up or Down - March 19, 6:25PM-6:30PM ET"
2026-03-19 22:27:59.000,BUY,Up,0.3400000158400012,15.151514,0,"Bitcoin Up or Down - March 19, 6:25PM-6:30PM ET"
2026-03-19 22:27:59.000,BUY,Up,0.34,3,0,"Bitcoin Up or Down - March 19, 6:25PM-6:30PM ET"
2026-03-19 22:27:59.000,BUY,Up,0.34,1.51515,0,"Bitcoin Up or Down - March 19, 6:25PM-6:30PM ET"
2026-03-19 22:27:59.000,BUY,Down,0.53,7,0,"XRP Up or Down - March 19, 6:25PM-6:30PM ET"
2026-03-19 22:27:59.000,BUY,Up,0.340000057810235,4.151514,0,"Bitcoin Up or Down - March 19, 6:25PM-6:30PM ET"
2026-03-19 22:27:57.000,BUY,Up,0.34,75,0,"Bitcoin Up or Down - March 19, 6:25PM-6:30PM ET"
2026-03-19 22:27:51.000,BUY,Up,0.35,75,0,"Bitcoin Up or Down - March 19, 6:25PM-6:30PM ET"
2026-03-19 22:27:47.000,BUY,Down,0.72,7,0,"Solana Up or Down - March 19, 6:25PM-6:30PM ET"
2026-03-19 22:27:45.000,BUY,Down,0.72,7,0,"Solana Up or Down - March 19, 6:25PM-6:30PM ET"
2026-03-19 22:27:43.000,BUY,Down,0.6174550992307888,69.084553,0,"Bitcoin Up or Down - March 19, 6:25PM-6:30PM ET"
2026-03-19 22:27:41.000,BUY,Down,0.5499999981421011,158.999926,0,"Bitcoin Up or Down - March 19, 6:25PM-6:30PM ET"
2026-03-19 22:27:37.000,BUY,Up,0.43,3,0,"XRP Up or Down - March 19, 6:25PM-6:30PM ET"
2026-03-19 22:27:37.000,BUY,Up,0.43,4.89,0,"XRP Up or Down - March 19, 6:25PM-6:30PM ET"
2026-03-19 22:27:37.000,BUY,Up,0.43000016150008885,2.105262,0,"XRP Up or Down - March 19, 6:25PM-6:30PM ET"
2026-03-19 22:27:35.000,BUY,Up,0.43,4,0,"XRP Up or Down - March 19, 6:25PM-6:30PM ET"
2026-03-19 22:27:33.000,,,0,668.731307,0,"Bitcoin Up or Down - March 19, 6:25PM-6:30PM ET"
2026-03-19 22:27:31.000,BUY,Down,0.54,48.89,0,"Bitcoin Up or Down - March 19, 6:25PM-6:30PM ET"
2026-03-19 22:27:29.000,BUY,Down,0.54,3.43,0,"Bitcoin Up or Down - March 19, 6:25PM-6:30PM ET"
2026-03-19 22:27:29.000,BUY,Down,0.540000059116482,5.413042,0,"Bitcoin Up or Down - March 19, 6:25PM-6:30PM ET"
2026-03-19 22:27:29.000,BUY,Down,0.54,5,0,"Bitcoin Up or Down - March 19, 6:25PM-6:30PM ET"
2026-03-19 22:27:29.000,BUY,Down,0.54,12.26,0,"Bitcoin Up or Down - March 19, 6:25PM-6:30PM ET"
2026-03-19 22:27:27.000,BUY,Up,0.45000009734520163,4.109088,0,"Bitcoin Up or Down - March 19, 6:25PM-6:30PM ET"
2026-03-19 22:27:27.000,BUY,Up,0.45,30,0,"Bitcoin Up or Down - March 19, 6:25PM-6:30PM ET"
2026-03-19 22:27:27.000,BUY,Up,0.4500000110441809,4.527271,0,"Bitcoin Up or Down - March 19, 6:25PM-6:30PM ET"
2026-03-19 22:27:27.000,BUY,Up,0.4500000105973043,9.436362,0,"Bitcoin Up or Down - March 19, 6:25PM-6:30PM ET"
2026-03-19 22:27:27.000,BUY,Up,0.450000077102865,1.945453,0,"Bitcoin Up or Down - March 19, 6:25PM-6:30PM ET"
2026-03-19 22:27:27.000,BUY,Up,0.45,3,0,"Bitcoin Up or Down - March 19, 6:25PM-6:30PM ET"
2026-03-19 22:27:25.000,BUY,Down,0.54,33.26,0,"Bitcoin Up or Down - March 19, 6:25PM-6:30PM ET"
2026-03-19 22:27:25.000,BUY,Down,0.5400000766666858,5.21739,0,"Bitcoin Up or Down - March 19, 6:25PM-6:30PM ET"
2026-03-19 22:27:25.000,BUY,Down,0.540000015640001,21.739129,0,"Bitcoin Up or Down - March 19, 6:25PM-6:30PM ET"
2026-03-19 22:27:25.000,BUY,Down,0.54,5,0,"Bitcoin Up or Down - March 19, 6:25PM-6:30PM ET"
2026-03-19 22:27:25.000,BUY,Down,0.540000059116482,5.413042,0,"Bitcoin Up or Down - March 19, 6:25PM-6:30PM ET"
2026-03-19 22:27:25.000,BUY,Down,0.5400002392001149,2.173912,0,"Bitcoin Up or Down - March 19, 6:25PM-6:30PM ET"
2026-03-19 22:27:25.000,BUY,Down,0.5400002392001149,2.173912,0,"Bitcoin Up or Down - March 19, 6:25PM-6:30PM ET"
2026-03-19 22:27:21.000,BUY,Up,0.45000000687500025,36.363635,0,"Bitcoin Up or Down - March 19, 6:25PM-6:30PM ET"
2026-03-19 22:27:21.000,BUY,Up,0.45,9,0,"Bitcoin Up or Down - March 19, 6:25PM-6:30PM ET"
2026-03-19 22:27:21.000,BUY,Up,0.45,4.77,0,"Bitcoin Up or Down - March 19, 6:25PM-6:30PM ET"
2026-03-19 22:27:19.000,BUY,Up,0.4800004118849399,0.194229,0,"XRP Up or Down - March 19, 6:25PM-6:30PM ET"
2026-03-19 22:27:19.000,BUY,Up,0.45,1.81818,0,"Bitcoin Up or Down - March 19, 6:25PM-6:30PM ET"
2026-03-19 22:27:19.000,BUY,Up,0.4500000702554911,4.981817,0,"Bitcoin Up or Down - March 19, 6:25PM-6:30PM ET"
2026-03-19 22:27:19.000,BUY,Up,0.45,0.45,0,"Bitcoin Up or Down - March 19, 6:25PM-6:30PM ET"
2026-03-19 22:27:17.000,BUY,Down,0.5400000107872712,12.978259,0,"Bitcoin Up or Down - March 19, 6:25PM-6:30PM ET"
2026-03-19 22:27:17.000,BUY,Down,0.54,5,0,"Bitcoin Up or Down - March 19, 6:25PM-6:30PM ET"
2026-03-19 22:27:17.000,BUY,Down,0.5400000776889103,4.891303,0,"Bitcoin Up or Down - March 19, 6:25PM-6:30PM ET"
2026-03-19 22:27:17.000,BUY,Down,0.54,1,0,"Bitcoin Up or Down - March 19, 6:25PM-6:30PM ET"
2026-03-19 22:27:17.000,BUY,Down,0.54,7.35,0,"Bitcoin Up or Down - March 19, 6:25PM-6:30PM ET"
2026-03-19 22:27:17.000,BUY,Down,0.54,5,0,"Bitcoin Up or Down - March 19, 6:25PM-6:30PM ET"
2026-03-19 22:27:15.000,BUY,Down,0.5300000325048247,10.152339,0,"Bitcoin Up or Down - March 19, 6:25PM-6:30PM ET"
2026-03-19 22:27:15.000,BUY,Down,0.53,2.99,0,"Bitcoin Up or Down - March 19, 6:25PM-6:30PM ET"
2026-03-19 22:27:15.000,BUY,Down,0.53,1,0,"Bitcoin Up or Down - March 19, 6:25PM-6:30PM ET"
2026-03-19 22:27:15.000,BUY,Down,0.54,75,0,"Bitcoin Up or Down - March 19, 6:25PM-6:30PM ET"
2026-03-19 22:27:15.000,BUY,Up,0.44,75,0,"Bitcoin Up or Down - March 19, 6:25PM-6:30PM ET"
2026-03-19 22:27:15.000,BUY,Up,0.5,0.09,0,"XRP Up or Down - March 19, 6:25PM-6:30PM ET"
2026-03-19 22:27:13.000,BUY,Up,0.45,5.15,0,"Bitcoin Up or Down - March 19, 6:25PM-6:30PM ET"
2026-03-19 22:27:13.000,BUY,Up,0.45,1.47,0,"Bitcoin Up or Down - March 19, 6:25PM-6:30PM ET"
2026-03-19 22:27:13.000,BUY,Up,0.45,1.47,0,"Bitcoin Up or Down - March 19, 6:25PM-6:30PM ET"
2026-03-19 22:27:13.000,BUY,Up,0.45,0.64,0,"Bitcoin Up or Down - March 19, 6:25PM-6:30PM ET"
2026-03-19 22:27:13.000,BUY,Up,0.4500000572916846,4.363635,0,"Bitcoin Up or Down - March 19, 6:25PM-6:30PM ET"
2026-03-19 22:27:13.000,BUY,Up,0.45000015942047467,2.509088,0,"Bitcoin Up or Down - March 19, 6:25PM-6:30PM ET"
2026-03-19 22:27:13.000,BUY,Up,0.45,1.81818,0,"Bitcoin Up or Down - March 19, 6:25PM-6:30PM ET"
2026-03-19 22:27:13.000,BUY,Up,0.45,1.81818,0,"Bitcoin Up or Down - March 19, 6:25PM-6:30PM ET"
2026-03-19 22:27:13.000,BUY,Up,0.45,1.47,0,"Bitcoin Up or Down - March 19, 6:25PM-6:30PM ET"
2026-03-19 22:27:13.000,BUY,Up,0.45,1.47,0,"Bitcoin Up or Down - March 19, 6:25PM-6:30PM ET"
2026-03-19 22:27:13.000,BUY,Up,0.4500000275000124,3.636362,0,"Bitcoin Up or Down - March 19, 6:25PM-6:30PM ET"
2026-03-19 22:27:13.000,BUY,Up,0.45,1.61,0,"Bitcoin Up or Down - March 19, 6:25PM-6:30PM ET"
2026-03-19 22:27:13.000,BUY,Up,0.45,5,0,"Bitcoin Up or Down - March 19, 6:25PM-6:30PM ET"
2026-03-19 22:27:13.000,BUY,Up,0.45,1.47,0,"Bitcoin Up or Down - March 19, 6:25PM-6:30PM ET"
2026-03-19 22:27:13.000,BUY,Up,0.45000013200007394,2.272726,0,"Bitcoin Up or Down - March 19, 6:25PM-6:30PM ET"
2026-03-19 22:27:13.000,BUY,Down,0.54,5.42,0,"Bitcoin Up or Down - March 19, 6:25PM-6:30PM ET"
2026-03-19 22:27:13.000,BUY,Up,0.45,15,0,"Bitcoin Up or Down - March 19, 6:25PM-6:30PM ET"
2026-03-19 22:27:13.000,BUY,Up,0.45,15,0,"Bitcoin Up or Down - March 19, 6:25PM-6:30PM ET"
2026-03-19 22:27:13.000,BUY,Up,0.45,2.6,0,"Bitcoin Up or Down - March 19, 6:25PM-6:30PM ET"
2026-03-19 22:27:13.000,BUY,Up,0.45,0.21,0,"Bitcoin Up or Down - March 19, 6:25PM-6:30PM ET"
2026-03-19 22:27:13.000,BUY,Up,0.45,1.81818,0,"Bitcoin Up or Down - March 19, 6:25PM-6:30PM ET"
2026-03-19 22:27:13.000,BUY,Up,0.45,0.1,0,"Bitcoin Up or Down - March 19, 6:25PM-6:30PM ET"
2026-03-19 22:27:13.000,BUY,Down,0.5400001415385017,3.673912,0,"Bitcoin Up or Down - March 19, 6:25PM-6:30PM ET"
2026-03-19 22:27:13.000,BUY,Up,0.4500000736607373,4.072726,0,"Bitcoin Up or Down - March 19, 6:25PM-6:30PM ET"
2026-03-19 22:27:13.000,BUY,Down,0.5400000575000328,3.130433,0,"Bitcoin Up or Down - March 19, 6:25PM-6:30PM ET"
2026-03-19 22:27:13.000,BUY,Down,0.5400000575000328,3.130433,0,"Bitcoin Up or Down - March 19, 6:25PM-6:30PM ET"
2026-03-19 22:27:13.000,BUY,Down,0.54,9.96,0,"Bitcoin Up or Down - March 19, 6:25PM-6:30PM ET"
2026-03-19 22:27:13.000,BUY,Down,0.54,6,0,"Bitcoin Up or Down - March 19, 6:25PM-6:30PM ET"
2026-03-19 22:27:13.000,BUY,Down,0.54,3,0,"Bitcoin Up or Down - March 19, 6:25PM-6:30PM ET"
2026-03-19 22:27:13.000,BUY,Up,0.5200000131647119,27.345832,0,"Ethereum Up or Down - March 19, 6:25PM-6:30PM ET"
2026-03-19 22:27:11.000,BUY,Down,0.5110897393472955,125.19400900000001,0,"Bitcoin Up or Down - March 19, 6:25PM-6:30PM ET"
2026-03-19 22:27:11.000,BUY,Up,0.52,7.65,0,"Ethereum Up or Down - March 19, 6:25PM-6:30PM ET"
2026-03-19 22:27:11.000,BUY,Up,0.28,6.92888,0,"Solana Up or Down - March 19, 6:25PM-6:30PM ET"
2026-03-19 22:27:11.000,BUY,Up,0.27999995440203146,13.893103,0,"Solana Up or Down - March 19, 6:25PM-6:30PM ET"
2026-03-19 22:27:05.000,BUY,Up,0.43,7,0,"Solana Up or Down - March 19, 6:25PM-6:30PM ET"
2026-03-19 22:26:59.000,BUY,Down,0.32,7,0,"XRP Up or Down - March 19, 6:25PM-6:30PM ET"
2026-03-19 22:26:59.000,BUY,Down,0.33,7,0,"XRP Up or Down - March 19, 6:25PM-6:30PM ET"
2026-03-19 22:26:57.000,BUY,Up,0.7200005121961369,0.937141,0,"Ethereum Up or Down - March 19, 6:25PM-6:30PM ET"
2026-03-19 22:26:57.000,BUY,Up,0.66,5,0,"XRP Up or Down - March 19, 6:25PM-6:30PM ET"
2026-03-19 22:26:53.000,BUY,Up,0.39000019963666127,1.803276,0,"Solana Up or Down - March 19, 6:25PM-6:30PM ET"
2026-03-19 22:26:51.000,BUY,Up,0.39000019963666127,1.803276,0,"Solana Up or Down - March 19, 6:25PM-6:30PM ET"
2026-03-19 22:26:51.000,BUY,Up,0.3900001253890024,2.950817,0,"Solana Up or Down - March 19, 6:25PM-6:30PM ET"
2026-03-19 22:26:51.000,BUY,Down,0.33,5.5,0,"XRP Up or Down - March 19, 6:25PM-6:30PM ET"
2026-03-19 22:26:49.000,BUY,Up,0.38,6.25,0,"Solana Up or Down - March 19, 6:25PM-6:30PM ET"
2026-03-19 22:26:49.000,BUY,Down,0.3300000804000707,1.492536,0,"XRP Up or Down - March 19, 6:25PM-6:30PM ET"
2026-03-19 22:26:47.000,BUY,Up,0.4,7,0,"Solana Up or Down - March 19, 6:25PM-6:30PM ET"
2026-03-19 22:26:45.000,BUY,Up,0.65,4.36,0,"XRP Up or Down - March 19, 6:25PM-6:30PM ET"
2026-03-19 22:26:43.000,BUY,Up,0.65,2.64,0,"XRP Up or Down - March 19, 6:25PM-6:30PM ET"
2026-03-19 22:26:43.000,BUY,Down,0.4,4.95,0,"Bitcoin Up or Down - March 19, 6:25PM-6:30PM ET"
2026-03-19 22:26:43.000,BUY,Down,0.4,3,0,"Bitcoin Up or Down - March 19, 6:25PM-6:30PM ET"
2026-03-19 22:26:43.000,BUY,Down,0.4,5.71,0,"Bitcoin Up or Down - March 19, 6:25PM-6:30PM ET"
2026-03-19 22:26:43.000,BUY,Up,0.65,7.63,0,"Ethereum Up or Down - March 19, 6:25PM-6:30PM ET"
2026-03-19 22:26:43.000,BUY,Down,0.4,1,0,"Bitcoin Up or Down - March 19, 6:25PM-6:30PM ET"
2026-03-19 22:26:43.000,BUY,Down,0.4,6.3,0,"Bitcoin Up or Down - March 19, 6:25PM-6:30PM ET"
2026-03-19 22:26:41.000,BUY,Down,0.4,75,0,"Bitcoin Up or Down - March 19, 6:25PM-6:30PM ET"
2026-03-19 22:26:39.000,BUY,Up,0.3800001078263026,0.741934,0,"Solana Up or Down - March 19, 6:25PM-6:30PM ET"
2026-03-19 22:26:39.000,BUY,Up,0.6400001296000829,2.777776,0,"XRP Up or Down - March 19, 6:25PM-6:30PM ET"
2026-03-19 22:26:37.000,BUY,Up,0.39,1.01,0,"Solana Up or Down - March 19, 6:25PM-6:30PM ET"
2026-03-19 22:26:35.000,BUY,Up,0.64,7,0,"XRP Up or Down - March 19, 6:25PM-6:30PM ET"
2026-03-19 22:26:33.000,BUY,Up,0.39000000835616655,5.983605,0,"Solana Up or Down - March 19, 6:25PM-6:30PM ET"
2026-03-19 22:26:33.000,BUY,Up,0.4,7,0,"Solana Up or Down - March 19, 6:25PM-6:30PM ET"
2026-03-19 22:26:31.000,BUY,Up,0.630000090818242,2.972971,0,"XRP Up or Down - March 19, 6:25PM-6:30PM ET"
2026-03-19 22:26:31.000,BUY,Up,0.63,2.46,0,"XRP Up or Down - March 19, 6:25PM-6:30PM ET"
2026-03-19 22:26:31.000,BUY,Up,0.57,17.8,0,"Ethereum Up or Down - March 19, 6:25PM-6:30PM ET"
2026-03-19 22:26:29.000,BUY,Up,0.37,7,0,"Solana Up or Down - March 19, 6:25PM-6:30PM ET"
2026-03-19 22:26:29.000,BUY,Up,0.57,17.2,0,"Ethereum Up or Down - March 19, 6:25PM-6:30PM ET"
2026-03-19 22:26:27.000,BUY,Up,0.37,7,0,"Solana Up or Down - March 19, 6:25PM-6:30PM ET"
2026-03-19 22:26:27.000,BUY,Down,0.4,114.3296,0,"Bitcoin Up or Down - March 19, 6:25PM-6:30PM ET"
2026-03-19 22:26:21.000,BUY,Down,0.4,10.69376,0,"Solana Up or Down - March 19, 6:25PM-6:30PM ET"
2026-03-19 22:26:21.000,BUY,Down,0.4,6.8992,0,"Solana Up or Down - March 19, 6:25PM-6:30PM ET"
2026-03-19 22:26:21.000,BUY,Down,0.38999990533978285,5.20732,0,"Solana Up or Down - March 19, 6:25PM-6:30PM ET"
2026-03-19 22:26:21.000,BUY,Down,0.37999996968084543,9.757435000000001,0,"Solana Up or Down - March 19, 6:25PM-6:30PM ET"
2026-03-19 22:26:21.000,BUY,Down,0.37,4.93209,0,"Solana Up or Down - March 19, 6:25PM-6:30PM ET"
2026-03-19 22:26:19.000,BUY,Up,0.67,14.86607,0,"Bitcoin Up or Down - March 19, 6:25PM-6:30PM ET"
2026-03-19 22:26:19.000,BUY,Down,0.37000032858347665,0.456505,0,"Solana Up or Down - March 19, 6:25PM-6:30PM ET"
2026-03-19 22:26:17.000,BUY,Down,0.33,10.64,0,"Bitcoin Up or Down - March 19, 6:25PM-6:30PM ET"
2026-03-19 22:26:17.000,BUY,Down,0.3300000647734468,4.940296,0,"Bitcoin Up or Down - March 19, 6:25PM-6:30PM ET"
2026-03-19 22:26:17.000,BUY,Down,0.33,9.13,0,"Bitcoin Up or Down - March 19, 6:25PM-6:30PM ET"
2026-03-19 22:26:17.000,BUY,Down,0.3300000375200129,7.462684,0,"Bitcoin Up or Down - March 19, 6:25PM-6:30PM ET"
2026-03-19 22:26:13.000,BUY,Down,0.32,15.87237,0,"XRP Up or Down - March 19, 6:25PM-6:30PM ET"
2026-03-19 22:26:09.000,BUY,Up,0.6199999968086101,67.978881,0,"Bitcoin Up or Down - March 19, 6:25PM-6:30PM ET"
2026-03-19 22:26:07.000,BUY,Down,0.33,5,0,"XRP Up or Down - March 19, 6:25PM-6:30PM ET"
2026-03-19 22:26:05.000,BUY,Up,0.6,4.928,0,"Bitcoin Up or Down - March 19, 6:25PM-6:30PM ET"
2026-03-19 22:26:05.000,BUY,Down,0.32,7,0,"XRP Up or Down - March 19, 6:25PM-6:30PM ET"
2026-03-19 22:26:03.000,BUY,Down,0.37,2,0,"Bitcoin Up or Down - March 19, 6:25PM-6:30PM ET"
2026-03-19 22:26:03.000,BUY,Down,0.37000003038587015,4.936505,0,"Bitcoin Up or Down - March 19, 6:25PM-6:30PM ET"
2026-03-19 22:26:03.000,BUY,Down,0.37,6.23,0,"Bitcoin Up or Down - March 19, 6:25PM-6:30PM ET"
2026-03-19 22:26:03.000,BUY,Up,0.6,11.29,0,"Ethereum Up or Down - March 19, 6:25PM-6:30PM ET"
2026-03-19 22:26:01.000,BUY,Down,0.37,1.5873,0,"Bitcoin Up or Down - March 19, 6:25PM-6:30PM ET"
2026-03-19 22:26:01.000,BUY,Up,0.53,7,0,"Solana Up or Down - March 19, 6:25PM-6:30PM ET"
2026-03-19 22:26:01.000,BUY,Up,0.54,7,0,"Solana Up or Down - March 19, 6:25PM-6:30PM ET"
2026-03-19 22:26:01.000,BUY,Down,0.370000018900007,7.936505,0,"Bitcoin Up or Down - March 19, 6:25PM-6:30PM ET"
2026-03-19 22:26:01.000,BUY,Down,0.37,1.5873,0,"Bitcoin Up or Down - March 19, 6:25PM-6:30PM ET"
2026-03-19 22:26:01.000,BUY,Down,0.37,1.5873,0,"Bitcoin Up or Down - March 19, 6:25PM-6:30PM ET"
2026-03-19 22:25:59.000,BUY,Down,0.37,2,0,"Bitcoin Up or Down - March 19, 6:25PM-6:30PM ET"
2026-03-19 22:25:59.000,BUY,Down,0.37,5,0,"Bitcoin Up or Down - March 19, 6:25PM-6:30PM ET"
2026-03-19 22:25:59.000,BUY,Down,0.37000000850500075,31.746029,0,"Bitcoin Up or Down - March 19, 6:25PM-6:30PM ET"
2026-03-19 22:25:59.000,BUY,Down,0.37,9,0,"Bitcoin Up or Down - March 19, 6:25PM-6:30PM ET"
2026-03-19 22:25:59.000,BUY,Down,0.37,1.37,0,"Bitcoin Up or Down - March 19, 6:25PM-6:30PM ET"
2026-03-19 22:25:53.000,BUY,Up,0.6099999989276745,64.355057,0,"Bitcoin Up or Down - March 19, 6:25PM-6:30PM ET"
2026-03-19 22:25:51.000,BUY,Down,0.48474412696090485,139.310858,0,"Ethereum Up or Down - March 19, 6:25PM-6:30PM ET"
2026-03-19 22:25:51.000,BUY,Up,0.6,2.69069,0,"Ethereum Up or Down - March 19, 6:25PM-6:30PM ET"
2026-03-19 22:25:51.000,BUY,Down,0.47999994962098186,7.034542,0,"Solana Up or Down - March 19, 6:25PM-6:30PM ET"
2026-03-19 22:25:49.000,BUY,Down,0.31,2.92,0,"Bitcoin Up or Down - March 19, 6:25PM-6:30PM ET"
2026-03-19 22:25:49.000,BUY,Down,0.31,20,0,"Bitcoin Up or Down - March 19, 6:25PM-6:30PM ET"
2026-03-19 22:25:49.000,BUY,Down,0.31,2,0,"Bitcoin Up or Down - March 19, 6:25PM-6:30PM ET"
2026-03-19 22:25:49.000,BUY,Down,0.31,36.7,0,"Bitcoin Up or Down - March 19, 6:25PM-6:30PM ET"
2026-03-19 22:25:49.000,BUY,Down,0.31,4.7971,0,"Bitcoin Up or Down - March 19, 6:25PM-6:30PM ET"
2026-03-19 22:25:47.000,BUY,Down,0.34,4,0,"XRP Up or Down - March 19, 6:25PM-6:30PM ET"
2026-03-19 22:25:45.000,BUY,Up,0.657723876190374,74.306004,0,"Bitcoin Up or Down - March 19, 6:25PM-6:30PM ET"
2026-03-19 22:25:45.000,BUY,Up,0.55,7,0,"Solana Up or Down - March 19, 6:25PM-6:30PM ET"
2026-03-19 22:25:45.000,BUY,Up,0.6499999992121211,125.280814,0,"Bitcoin Up or Down - March 19, 6:25PM-6:30PM ET"
2026-03-19 22:25:41.000,BUY,Up,0.61,32.72,0,"Bitcoin Up or Down - March 19, 6:25PM-6:30PM ET"
2026-03-19 22:25:39.000,BUY,Down,0.43,7,0,"Solana Up or Down - March 19, 6:25PM-6:30PM ET"
2026-03-19 22:25:29.000,BUY,Up,0.61,10,0,"Ethereum Up or Down - March 19, 6:25PM-6:30PM ET"
2026-03-19 22:25:27.000,BUY,Up,0.6,3.075,0,"Ethereum Up or Down - March 19, 6:25PM-6:30PM ET"
2026-03-19 22:25:27.000,BUY,Up,0.6,0.7615,0,"Ethereum Up or Down - March 19, 6:25PM-6:30PM ET"
2026-03-19 22:25:25.000,BUY,Up,0.6,42.275,0,"Bitcoin Up or Down - March 19, 6:25PM-6:30PM ET"
2026-03-19 22:25:23.000,BUY,Down,0.43,1.1,0,"XRP Up or Down - March 19, 6:25PM-6:30PM ET"
2026-03-19 22:25:19.000,BUY,Down,0.43,5.9,0,"XRP Up or Down - March 19, 6:25PM-6:30PM ET"
2026-03-19 22:25:19.000,BUY,Up,0.5500001431819028,2.444443,0,"Ethereum Up or Down - March 19, 6:25PM-6:30PM ET"
2026-03-19 22:25:15.000,BUY,Up,0.56,26.54,0,"Ethereum Up or Down - March 19, 6:25PM-6:30PM ET"
2026-03-19 22:25:13.000,BUY,Down,0.47000003907052246,5.886791,0,"XRP Up or Down - March 19, 6:25PM-6:30PM ET"
2026-03-19 22:25:13.000,BUY,Up,0.56,8,0,"Ethereum Up or Down - March 19, 6:25PM-6:30PM ET"
2026-03-19 22:25:13.000,BUY,Up,0.5600007920025344,0.454544,0,"Ethereum Up or Down - March 19, 6:25PM-6:30PM ET"
2026-03-19 22:25:11.000,BUY,Down,0.46,1.64,0,"Solana Up or Down - March 19, 6:25PM-6:30PM ET"
2026-03-19 22:25:11.000,BUY,Down,0.4600000635250301,5.352221,0,"Solana Up or Down - March 19, 6:25PM-6:30PM ET"
2026-03-19 22:25:11.000,BUY,Up,0.58,75,0,"Bitcoin Up or Down - March 19, 6:25PM-6:30PM ET"
2026-03-19 22:25:11.000,BUY,Down,0.4,8.32,0,"Ethereum Up or Down - March 19, 6:25PM-6:30PM ET"
2026-03-19 22:25:09.000,BUY,Down,0.48,7,0,"XRP Up or Down - March 19, 6:25PM-6:30PM ET"
2026-03-19 22:25:09.000,BUY,Down,0.4,0.166665,0,"Ethereum Up or Down - March 19, 6:25PM-6:30PM ET"
2026-03-19 22:25:09.000,BUY,Up,0.4899999383999901,7.031346,0,"XRP Up or Down - March 19, 6:25PM-6:30PM ET"
2026-03-19 22:25:09.000,BUY,Down,0.48,7,0,"XRP Up or Down - March 19, 6:25PM-6:30PM ET"
2026-03-19 22:25:09.000,BUY,Down,0.4,5,0,"Ethereum Up or Down - March 19, 6:25PM-6:30PM ET"
2026-03-19 22:25:09.000,BUY,Down,0.4,30,0,"Ethereum Up or Down - March 19, 6:25PM-6:30PM ET"
2026-03-19 22:25:09.000,BUY,Up,0.4630077201659291,34.277782,0,"XRP Up or Down - March 19, 6:25PM-6:30PM ET"
2026-03-19 22:25:07.000,,,0,471.856599,0,"Ethereum Up or Down - March 19, 6:15PM-6:20PM ET"
2026-03-19 22:25:07.000,,,0,123.184113,0,"XRP Up or Down - March 19, 6:15PM-6:20PM ET"
2026-03-19 22:25:07.000,,,0,158.733573,0,"Solana Up or Down - March 19, 6:15PM-6:20PM ET"
2026-03-19 22:25:07.000,,,0,340.767399,0,"Bitcoin Up or Down - March 19, 6:15PM-6:20PM ET"
2026-03-19 22:24:49.000,BUY,Down,0.96,7,0,"Solana Up or Down - March 19, 6:20PM-6:25PM ET"
2026-03-19 22:24:49.000,BUY,Down,0.97,7,0,"Solana Up or Down - March 19, 6:20PM-6:25PM ET"
2026-03-19 22:24:43.000,BUY,Down,0.97,3.68,0,"Solana Up or Down - March 19, 6:20PM-6:25PM ET"
2026-03-19 22:24:39.000,BUY,Down,0.97,3.32,0,"Solana Up or Down - March 19, 6:20PM-6:25PM ET"
2026-03-19 22:24:37.000,BUY,Down,0.96,7,0,"Solana Up or Down - March 19, 6:20PM-6:25PM ET"
2026-03-19 22:24:37.000,BUY,Down,0.97,7,0,"Solana Up or Down - March 19, 6:20PM-6:25PM ET"
2026-03-19 22:24:35.000,BUY,Up,0.98,7.070729999999999,0,"XRP Up or Down - March 19, 6:20PM-6:25PM ET"
2026-03-19 22:24:35.000,BUY,Up,0.97,7.142790000000001,0,"XRP Up or Down - March 19, 6:20PM-6:25PM ET"
2026-03-19 22:24:35.000,BUY,Up,0.98,6.59117,0,"XRP Up or Down - March 19, 6:20PM-6:25PM ET"
2026-03-19 22:24:35.000,BUY,Up,0.9790957833836068,7.07721,0,"XRP Up or Down - March 19, 6:20PM-6:25PM ET"
2026-03-19 22:24:33.000,BUY,Up,0.97,7.142790000000001,0,"XRP Up or Down - March 19, 6:20PM-6:25PM ET"
2026-03-19 22:24:33.000,BUY,Up,0.9699999980404003,10.204006,0,"XRP Up or Down - March 19, 6:20PM-6:25PM ET"
2026-03-19 22:24:33.000,BUY,Up,0.97,6.99852,0,"XRP Up or Down - March 19, 6:20PM-6:25PM ET"
2026-03-19 22:24:33.000,BUY,Up,0.95,7.14333,0,"XRP Up or Down - March 19, 6:20PM-6:25PM ET"
2026-03-19 22:24:21.000,BUY,Up,0.01,4.99988,0,"Ethereum Up or Down - March 19, 6:20PM-6:25PM ET"
2026-03-19 22:24:19.000,BUY,Down,0.15,7,0,"XRP Up or Down - March 19, 6:20PM-6:25PM ET"
2026-03-19 22:24:19.000,BUY,Down,0.16,7,0,"XRP Up or Down - March 19, 6:20PM-6:25PM ET"
2026-03-19 22:24:19.000,BUY,Up,0.01,4.99988,0,"Ethereum Up or Down - March 19, 6:20PM-6:25PM ET"
2026-03-19 22:24:19.000,BUY,Up,0.01,4.99988,0,"Ethereum Up or Down - March 19, 6:20PM-6:25PM ET"
2026-03-19 22:24:19.000,BUY,Up,0.01,4.99988,0,"Ethereum Up or Down - March 19, 6:20PM-6:25PM ET"
2026-03-19 22:24:17.000,BUY,Up,0.01,4.99988,0,"Ethereum Up or Down - March 19, 6:20PM-6:25PM ET"
2026-03-19 22:24:17.000,BUY,Up,0.01,65.6084,0,"Ethereum Up or Down - March 19, 6:20PM-6:25PM ET"
2026-03-19 22:24:15.000,BUY,Up,0.82,4,0,"XRP Up or Down - March 19, 6:20PM-6:25PM ET"
2026-03-19 22:24:03.000,BUY,Up,0.02,4.99952,0,"Ethereum Up or Down - March 19, 6:20PM-6:25PM ET"
2026-03-19 22:24:01.000,BUY,Up,0.029999981612902633,51.655735,0,"Bitcoin Up or Down - March 19, 6:20PM-6:25PM ET"
2026-03-19 22:23:59.000,BUY,Down,0.19,0.31,0,"XRP Up or Down - March 19, 6:20PM-6:25PM ET"
2026-03-19 22:23:49.000,BUY,Up,0.03,35,0,"Ethereum Up or Down - March 19, 6:20PM-6:25PM ET"
2026-03-19 22:23:47.000,BUY,Down,0.94,7,0,"Solana Up or Down - March 19, 6:20PM-6:25PM ET"
2026-03-19 22:23:47.000,BUY,Up,0.03,35,0,"Ethereum Up or Down - March 19, 6:20PM-6:25PM ET"
2026-03-19 22:23:43.000,BUY,Up,0.74,7,0,"XRP Up or Down - March 19, 6:20PM-6:25PM ET"
2026-03-19 22:23:43.000,BUY,Down,0.91,7,0,"Solana Up or Down - March 19, 6:20PM-6:25PM ET"
2026-03-19 22:23:33.000,BUY,Up,0.04,5,0,"Ethereum Up or Down - March 19, 6:20PM-6:25PM ET"
2026-03-19 22:23:33.000,BUY,Up,0.04,3.78,0,"Ethereum Up or Down - March 19, 6:20PM-6:25PM ET"
2026-03-19 22:23:31.000,BUY,Up,0.04,5,0,"Ethereum Up or Down - March 19, 6:20PM-6:25PM ET"
2026-03-19 22:23:31.000,BUY,Up,0.04,5,0,"Ethereum Up or Down - March 19, 6:20PM-6:25PM ET"
2026-03-19 22:23:31.000,BUY,Up,0.04,5,0,"Ethereum Up or Down - March 19, 6:20PM-6:25PM ET"
2026-03-19 22:23:31.000,BUY,Up,0.04,4.92,0,"Ethereum Up or Down - March 19, 6:20PM-6:25PM ET"
2026-03-19 22:23:31.000,BUY,Up,0.04,1.29165,0,"Ethereum Up or Down - March 19, 6:20PM-6:25PM ET"
2026-03-19 22:23:31.000,BUY,Up,0.04,5,0,"Ethereum Up or Down - March 19, 6:20PM-6:25PM ET"
2026-03-19 22:23:27.000,BUY,Up,0.06999999423760517,152.552484,0,"Bitcoin Up or Down - March 19, 6:20PM-6:25PM ET"
2026-03-19 22:23:27.000,BUY,Up,0.08999996913222924,26.843797000000002,0,"Solana Up or Down - March 19, 6:20PM-6:25PM ET"
2026-03-19 22:23:25.000,BUY,Up,0.06,23.33,0,"Bitcoin Up or Down - March 19, 6:20PM-6:25PM ET"
2026-03-19 22:23:25.000,BUY,Up,0.07,75,0,"Bitcoin Up or Down - March 19, 6:20PM-6:25PM ET"
2026-03-19 22:23:23.000,BUY,Down,0.9,75,0,"Bitcoin Up or Down - March 19, 6:20PM-6:25PM ET"
2026-03-19 22:23:23.000,BUY,Up,0.08,24.42,0,"Bitcoin Up or Down - March 19, 6:20PM-6:25PM ET"
2026-03-19 22:23:23.000,BUY,Up,0.08,6.52,0,"Bitcoin Up or Down - March 19, 6:20PM-6:25PM ET"
2026-03-19 22:23:21.000,BUY,Up,0.08,11.97,0,"Bitcoin Up or Down - March 19, 6:20PM-6:25PM ET"
2026-03-19 22:23:19.000,BUY,Up,0.08,14,0,"Bitcoin Up or Down - March 19, 6:20PM-6:25PM ET"
2026-03-19 22:23:19.000,BUY,Up,0.08,10,0,"Bitcoin Up or Down - March 19, 6:20PM-6:25PM ET"
2026-03-19 22:23:19.000,BUY,Up,0.08,0.354775,0,"Bitcoin Up or Down - March 19, 6:20PM-6:25PM ET"
2026-03-19 22:23:09.000,BUY,Up,0.15,70.51,0,"Bitcoin Up or Down - March 19, 6:20PM-6:25PM ET"
2026-03-19 22:23:09.000,BUY,Up,0.15,4.49,0,"Bitcoin Up or Down - March 19, 6:20PM-6:25PM ET"
2026-03-19 22:23:09.000,BUY,Up,0.2,7,0,"Solana Up or Down - March 19, 6:20PM-6:25PM ET"
2026-03-19 22:23:03.000,BUY,Up,0.16,5,0,"Bitcoin Up or Down - March 19, 6:20PM-6:25PM ET"
2026-03-19 22:23:03.000,BUY,Up,0.16,6,0,"Bitcoin Up or Down - March 19, 6:20PM-6:25PM ET"
2026-03-19 22:23:03.000,BUY,Up,0.16,59.52,0,"Bitcoin Up or Down - March 19, 6:20PM-6:25PM ET"
2026-03-19 22:23:01.000,BUY,Up,0.22,7,0,"Solana Up or Down - March 19, 6:20PM-6:25PM ET"
2026-03-19 22:22:55.000,BUY,Down,0.14,14.94564,0,"XRP Up or Down - March 19, 6:20PM-6:25PM ET"
2026-03-19 22:22:53.000,BUY,Down,0.9,51.939060000000005,0,"Ethereum Up or Down - March 19, 6:20PM-6:25PM ET"
2026-03-19 22:22:53.000,BUY,Down,0.9,6.47575,0,"Ethereum Up or Down - March 19, 6:20PM-6:25PM ET"
2026-03-19 22:22:53.000,BUY,Down,0.9,29.73966,0,"Ethereum Up or Down - March 19, 6:20PM-6:25PM ET"
2026-03-19 22:22:53.000,BUY,Down,0.9,34.92913,0,"Ethereum Up or Down - March 19, 6:20PM-6:25PM ET"
2026-03-19 22:22:53.000,BUY,Down,0.9,5.18947,0,"Ethereum Up or Down - March 19, 6:20PM-6:25PM ET"
2026-03-19 22:22:45.000,BUY,Down,0.89,35,0,"Ethereum Up or Down - March 19, 6:20PM-6:25PM ET"
2026-03-19 22:22:41.000,BUY,Down,0.8,75,0,"Bitcoin Up or Down - March 19, 6:20PM-6:25PM ET"
2026-03-19 22:23:21.000,BUY,Up,0.08,11.97,0,"Bitcoin Up or Down - March 19, 6:20PM-6:25PM ET"
2026-03-19 22:23:19.000,BUY,Up,0.08,14,0,"Bitcoin Up or Down - March 19, 6:20PM-6:25PM ET"
2026-03-19 22:23:19.000,BUY,Up,0.08,10,0,"Bitcoin Up or Down - March 19, 6:20PM-6:25PM ET"
2026-03-19 22:23:19.000,BUY,Up,0.08,0.354775,0,"Bitcoin Up or Down - March 19, 6:20PM-6:25PM ET"
2026-03-19 22:23:09.000,BUY,Up,0.15,70.51,0,"Bitcoin Up or Down - March 19, 6:20PM-6:25PM ET"
2026-03-19 22:23:09.000,BUY,Up,0.15,4.49,0,"Bitcoin Up or Down - March 19, 6:20PM-6:25PM ET"
2026-03-19 22:23:09.000,BUY,Up,0.2,7,0,"Solana Up or Down - March 19, 6:20PM-6:25PM ET"
2026-03-19 22:23:03.000,BUY,Up,0.16,5,0,"Bitcoin Up or Down - March 19, 6:20PM-6:25PM ET"
2026-03-19 22:23:03.000,BUY,Up,0.16,6,0,"Bitcoin Up or Down - March 19, 6:20PM-6:25PM ET"
2026-03-19 22:23:03.000,BUY,Up,0.16,59.52,0,"Bitcoin Up or Down - March 19, 6:20PM-6:25PM ET"
2026-03-19 22:23:01.000,BUY,Up,0.22,7,0,"Solana Up or Down - March 19, 6:20PM-6:25PM ET"
2026-03-19 22:22:55.000,BUY,Down,0.14,14.94564,0,"XRP Up or Down - March 19, 6:20PM-6:25PM ET"
2026-03-19 22:22:53.000,BUY,Down,0.9,51.939060000000005,0,"Ethereum Up or Down - March 19, 6:20PM-6:25PM ET"
2026-03-19 22:22:53.000,BUY,Down,0.9,6.47575,0,"Ethereum Up or Down - March 19, 6:20PM-6:25PM ET"
2026-03-19 22:22:53.000,BUY,Down,0.9,29.73966,0,"Ethereum Up or Down - March 19, 6:20PM-6:25PM ET"
2026-03-19 22:22:53.000,BUY,Down,0.9,34.92913,0,"Ethereum Up or Down - March 19, 6:20PM-6:25PM ET"
2026-03-19 22:22:53.000,BUY,Down,0.9,5.18947,0,"Ethereum Up or Down - March 19, 6:20PM-6:25PM ET"
2026-03-19 22:22:45.000,BUY,Down,0.89,35,0,"Ethereum Up or Down - March 19, 6:20PM-6:25PM ET"
2026-03-19 22:22:41.000,BUY,Down,0.8,75,0,"Bitcoin Up or Down - March 19, 6:20PM-6:25PM ET"
2026-03-19 22:22:41.000,BUY,Down,0.81,30.66,0,"Bitcoin Up or Down - March 19, 6:20PM-6:25PM ET"
2026-03-19 22:22:39.000,BUY,Down,0.8100001216000438,5.263156,0,"Bitcoin Up or Down - March 19, 6:20PM-6:25PM ET"
2026-03-19 22:22:39.000,BUY,Down,0.81,17.44,0,"Bitcoin Up or Down - March 19, 6:20PM-6:25PM ET"
2026-03-19 22:22:37.000,BUY,Down,0.8100001598738595,4.003156,0,"Bitcoin Up or Down - March 19, 6:20PM-6:25PM ET"
2026-03-19 22:22:37.000,BUY,Up,0.25,4.85,0,"Solana Up or Down - March 19, 6:20PM-6:25PM ET"
2026-03-19 22:22:35.000,BUY,Down,0.8100000414363849,17.617367,0,"Bitcoin Up or Down - March 19, 6:20PM-6:25PM ET"
2026-03-19 22:22:35.000,BUY,Up,0.25,2.146664,0,"Solana Up or Down - March 19, 6:20PM-6:25PM ET"
2026-03-19 22:22:33.000,,,0,660.549137,0,"Bitcoin Up or Down - March 19, 6:20PM-6:25PM ET"
2026-03-19 22:22:27.000,BUY,Down,0.18,3.3,0,"XRP Up or Down - March 19, 6:20PM-6:25PM ET"
2026-03-19 22:22:27.000,BUY,Up,0.24,7,0,"Solana Up or Down - March 19, 6:20PM-6:25PM ET"
2026-03-19 22:22:25.000,BUY,Down,0.18000007387406688,1.353655,0,"XRP Up or Down - March 19, 6:20PM-6:25PM ET"
2026-03-19 22:22:23.000,BUY,Down,0.18,2.34,0,"XRP Up or Down - March 19, 6:20PM-6:25PM ET"
2026-03-19 22:22:15.000,BUY,Up,0.16,75,0,"Bitcoin Up or Down - March 19, 6:20PM-6:25PM ET"
2026-03-19 22:22:11.000,BUY,Down,0.19000007415408726,0.404563,0,"XRP Up or Down - March 19, 6:20PM-6:25PM ET"
2026-03-19 22:22:11.000,BUY,Up,0.1400000860004214,1.162785,0,"Bitcoin Up or Down - March 19, 6:20PM-6:25PM ET"
2026-03-19 22:22:11.000,BUY,Up,0.1400000382861584,2.089528,0,"Bitcoin Up or Down - March 19, 6:20PM-6:25PM ET"
2026-03-19 22:22:09.000,BUY,Up,0.29,7,0,"Solana Up or Down - March 19, 6:20PM-6:25PM ET"
2026-03-19 22:22:09.000,BUY,Up,0.28,3.84,0,"Solana Up or Down - March 19, 6:20PM-6:25PM ET"
2026-03-19 22:22:09.000,BUY,Up,0.1,9.32222,0,"Ethereum Up or Down - March 19, 6:20PM-6:25PM ET"
2026-03-19 22:22:09.000,BUY,Up,0.2800000380834987,3.150971,0,"Solana Up or Down - March 19, 6:20PM-6:25PM ET"
2026-03-19 22:22:05.000,BUY,Up,0.21,75,0,"Bitcoin Up or Down - March 19, 6:20PM-6:25PM ET"
2026-03-19 22:22:03.000,BUY,Up,0.21,21.64,0,"Bitcoin Up or Down - March 19, 6:20PM-6:25PM ET"
2026-03-19 22:22:03.000,BUY,Up,0.21000000790002363,1.265819,0,"Bitcoin Up or Down - March 19, 6:20PM-6:25PM ET"
2026-03-19 22:22:03.000,BUY,Down,0.21000013522544572,1.405061,0,"XRP Up or Down - March 19, 6:20PM-6:25PM ET"
2026-03-19 22:22:03.000,BUY,Down,0.21000011490917866,1.392404,0,"XRP Up or Down - March 19, 6:20PM-6:25PM ET"
2026-03-19 22:22:03.000,BUY,Up,0.21,8.26,0,"Bitcoin Up or Down - March 19, 6:20PM-6:25PM ET"
2026-03-19 22:21:57.000,BUY,Up,0.22,25,0,"Bitcoin Up or Down - March 19, 6:20PM-6:25PM ET"
2026-03-19 22:21:57.000,BUY,Up,0.22,41,0,"Bitcoin Up or Down - March 19, 6:20PM-6:25PM ET"
2026-03-19 22:21:57.000,BUY,Up,0.22,9,0,"Bitcoin Up or Down - March 19, 6:20PM-6:25PM ET"
2026-03-19 22:21:53.000,BUY,Up,0.28,1.66,0,"Ethereum Up or Down - March 19, 6:20PM-6:25PM ET"
2026-03-19 22:21:53.000,BUY,Up,0.28,1,0,"Ethereum Up or Down - March 19, 6:20PM-6:25PM ET"
2026-03-19 22:21:41.000,BUY,Up,0.85,7,0,"XRP Up or Down - March 19, 6:20PM-6:25PM ET"
2026-03-19 22:21:41.000,BUY,Up,0.44,7,0,"Solana Up or Down - March 19, 6:20PM-6:25PM ET"
2026-03-19 22:21:41.000,BUY,Up,0.32,1.86,0,"Ethereum Up or Down - March 19, 6:20PM-6:25PM ET"
2026-03-19 22:21:39.000,BUY,Up,0.3,35,0,"Ethereum Up or Down - March 19, 6:20PM-6:25PM ET"
2026-03-19 22:21:35.000,BUY,Down,0.2,1.15,0,"XRP Up or Down - March 19, 6:20PM-6:25PM ET"
2026-03-19 22:21:35.000,BUY,Down,0.2,5.85,0,"XRP Up or Down - March 19, 6:20PM-6:25PM ET"
2026-03-19 22:21:33.000,BUY,Down,0.7,120.11807999999999,0,"Bitcoin Up or Down - March 19, 6:20PM-6:25PM ET"
2026-03-19 22:21:29.000,BUY,Down,0.6900000164300008,32.258063,0,"Bitcoin Up or Down - March 19, 6:20PM-6:25PM ET"
2026-03-19 22:21:29.000,BUY,Down,0.69,1.42,0,"Bitcoin Up or Down - March 19, 6:20PM-6:25PM ET"
2026-03-19 22:21:29.000,BUY,Down,0.6900001705000767,3.225805,0,"Bitcoin Up or Down - March 19, 6:20PM-6:25PM ET"
2026-03-19 22:21:29.000,BUY,Down,0.6900001705000767,3.225805,0,"Bitcoin Up or Down - March 19, 6:20PM-6:25PM ET"
2026-03-19 22:21:27.000,BUY,Up,0.29,3.93,0,"Bitcoin Up or Down - March 19, 6:20PM-6:25PM ET"
2026-03-19 22:21:27.000,BUY,Up,0.29,23.41,0,"Bitcoin Up or Down - March 19, 6:20PM-6:25PM ET"
2026-03-19 22:21:27.000,BUY,Up,0.29,1,0,"Bitcoin Up or Down - March 19, 6:20PM-6:25PM ET"
2026-03-19 22:21:27.000,BUY,Down,0.6900001705000767,3.225805,0,"Bitcoin Up or Down - March 19, 6:20PM-6:25PM ET"
2026-03-19 22:21:27.000,BUY,Down,0.76,37.25752,0,"Ethereum Up or Down - March 19, 6:20PM-6:25PM ET"
2026-03-19 22:21:27.000,BUY,Down,0.69,0.4,0,"Bitcoin Up or Down - March 19, 6:20PM-6:25PM ET"
2026-03-19 22:21:27.000,BUY,Down,0.77,35,0,"Ethereum Up or Down - March 19, 6:20PM-6:25PM ET"
2026-03-19 22:21:25.000,BUY,Up,0.29,9.78,0,"Bitcoin Up or Down - March 19, 6:20PM-6:25PM ET"
2026-03-19 22:21:25.000,BUY,Up,0.29,20.37,0,"Bitcoin Up or Down - March 19, 6:20PM-6:25PM ET"
2026-03-19 22:21:25.000,BUY,Down,0.21,7,0,"XRP Up or Down - March 19, 6:20PM-6:25PM ET"
2026-03-19 22:21:25.000,BUY,Down,0.22,7,0,"XRP Up or Down - March 19, 6:20PM-6:25PM ET"
2026-03-19 22:21:21.000,BUY,Down,0.64,5.33451,0,"Solana Up or Down - March 19, 6:20PM-6:25PM ET"
2026-03-19 22:21:21.000,BUY,Down,0.72,12.89761,0,"Ethereum Up or Down - March 19, 6:20PM-6:25PM ET"
2026-03-19 22:21:19.000,BUY,Down,0.64,8.35637,0,"Solana Up or Down - March 19, 6:20PM-6:25PM ET"
2026-03-19 22:21:19.000,BUY,Down,0.17,2.36816,0,"XRP Up or Down - March 19, 6:20PM-6:25PM ET"
2026-03-19 22:21:19.000,BUY,Down,0.61,7.896669999999999,0,"Solana Up or Down - March 19, 6:20PM-6:25PM ET"
2026-03-19 22:21:19.000,BUY,Down,0.67,75,0,"Bitcoin Up or Down - March 19, 6:20PM-6:25PM ET"
2026-03-19 22:21:19.000,BUY,Down,0.58,12.80715,0,"Solana Up or Down - March 19, 6:20PM-6:25PM ET"
2026-03-19 22:21:17.000,BUY,Down,0.65,51.96,0,"Bitcoin Up or Down - March 19, 6:20PM-6:25PM ET"
2026-03-19 22:21:15.000,BUY,Down,0.6500001225000797,2.857141,0,"Bitcoin Up or Down - March 19, 6:20PM-6:25PM ET"
2026-03-19 22:21:15.000,BUY,Down,0.6500000173463624,20.177141,0,"Bitcoin Up or Down - March 19, 6:20PM-6:25PM ET"
2026-03-19 22:21:07.000,BUY,Down,0.55,14.77029,0,"Solana Up or Down - March 19, 6:20PM-6:25PM ET"
2026-03-19 22:21:05.000,BUY,Up,0.38,75,0,"Bitcoin Up or Down - March 19, 6:20PM-6:25PM ET"
2026-03-19 22:21:03.000,BUY,Up,0.8899999920446866,10.032082,0,"XRP Up or Down - March 19, 6:20PM-6:25PM ET"
2026-03-19 22:21:03.000,,,0,1505.935269,0,"Bitcoin Up or Down - March 19, 6:15PM-6:20PM ET"
2026-03-19 22:21:03.000,BUY,Down,0.51,5,0,"Ethereum Up or Down - March 19, 6:20PM-6:25PM ET"
2026-03-19 22:21:03.000,BUY,Up,0.46,23.62979,0,"Solana Up or Down - March 19, 6:20PM-6:25PM ET"
2026-03-19 22:21:03.000,BUY,Down,0.51,4.82,0,"Ethereum Up or Down - March 19, 6:20PM-6:25PM ET"
2026-03-19 22:21:01.000,BUY,Down,0.57,75,0,"Bitcoin Up or Down - March 19, 6:20PM-6:25PM ET"
2026-03-19 22:20:59.000,BUY,Down,0.5100001715001115,2.040815,0,"Ethereum Up or Down - March 19, 6:20PM-6:25PM ET"
2026-03-19 22:20:59.000,BUY,Down,0.5100000090804807,23.126529,0,"Ethereum Up or Down - March 19, 6:20PM-6:25PM ET"
2026-03-19 22:20:55.000,BUY,Up,0.88,0.93738,0,"XRP Up or Down - March 19, 6:20PM-6:25PM ET"
2026-03-19 22:20:55.000,BUY,Up,0.42,75,0,"Bitcoin Up or Down - March 19, 6:20PM-6:25PM ET"
2026-03-19 22:20:55.000,BUY,Up,0.86,7.97101,0,"XRP Up or Down - March 19, 6:20PM-6:25PM ET"
2026-03-19 22:20:53.000,BUY,Up,0.43,13.7,0,"Bitcoin Up or Down - March 19, 6:20PM-6:25PM ET"
2026-03-19 22:20:53.000,BUY,Up,0.4300001767002986,1.754383,0,"Bitcoin Up or Down - March 19, 6:20PM-6:25PM ET"
2026-03-19 22:20:53.000,BUY,Up,0.43000004054394714,4.192981,0,"Bitcoin Up or Down - March 19, 6:20PM-6:25PM ET"
2026-03-19 22:20:53.000,BUY,Up,0.43000004054394714,4.192981,0,"Bitcoin Up or Down - March 19, 6:20PM-6:25PM ET"
2026-03-19 22:20:53.000,BUY,Down,0.5500000910404966,3.844443,0,"Bitcoin Up or Down - March 19, 6:20PM-6:25PM ET"
2026-03-19 22:20:53.000,BUY,Up,0.45,7,0,"Solana Up or Down - March 19, 6:20PM-6:25PM ET"
2026-03-19 22:20:53.000,BUY,Down,0.5500002025001114,2.222221,0,"Bitcoin Up or Down - March 19, 6:20PM-6:25PM ET"
2026-03-19 22:20:53.000,BUY,Down,0.55,3.93,0,"Bitcoin Up or Down - March 19, 6:20PM-6:25PM ET"
2026-03-19 22:20:53.000,BUY,Down,0.5500000787500255,4.444443,0,"Bitcoin Up or Down - March 19, 6:20PM-6:25PM ET"
2026-03-19 22:20:51.000,BUY,Up,0.43000004054394714,4.192981,0,"Bitcoin Up or Down - March 19, 6:20PM-6:25PM ET"
2026-03-19 22:20:51.000,BUY,Up,0.430000086949213,4.140348,0,"Bitcoin Up or Down - March 19, 6:20PM-6:25PM ET"
2026-03-19 22:20:51.000,BUY,Up,0.43,7.63,0,"Bitcoin Up or Down - March 19, 6:20PM-6:25PM ET"
2026-03-19 22:20:51.000,BUY,Up,0.43,2.82,0,"Bitcoin Up or Down - March 19, 6:20PM-6:25PM ET"
2026-03-19 22:20:51.000,BUY,Up,0.43,5,0,"Bitcoin Up or Down - March 19, 6:20PM-6:25PM ET"
2026-03-19 22:20:51.000,BUY,Up,0.4300001767002986,1.754383,0,"Bitcoin Up or Down - March 19, 6:20PM-6:25PM ET"
2026-03-19 22:20:51.000,BUY,Up,0.43,6.05,0,"Bitcoin Up or Down - March 19, 6:20PM-6:25PM ET"
2026-03-19 22:20:51.000,BUY,Up,0.85,7,0,"XRP Up or Down - March 19, 6:20PM-6:25PM ET"
2026-03-19 22:20:49.000,BUY,Up,0.45,1,0,"Solana Up or Down - March 19, 6:20PM-6:25PM ET"
2026-03-19 22:20:49.000,BUY,Up,0.45,5,0,"Solana Up or Down - March 19, 6:20PM-6:25PM ET"
2026-03-19 22:20:49.000,BUY,Up,0.45,1,0,"Solana Up or Down - March 19, 6:20PM-6:25PM ET"
2026-03-19 22:20:49.000,BUY,Up,0.87,13.95523,0,"XRP Up or Down - March 19, 6:20PM-6:25PM ET"
2026-03-19 22:20:49.000,BUY,Up,0.46,73.84308,0,"Bitcoin Up or Down - March 19, 6:20PM-6:25PM ET"
2026-03-19 22:20:49.000,BUY,Up,0.4499999967391304,75.492595,0,"Bitcoin Up or Down - March 19, 6:20PM-6:25PM ET"
2026-03-19 22:20:47.000,BUY,Down,0.47,8.51,0,"Ethereum Up or Down - March 19, 6:20PM-6:25PM ET"
2026-03-19 22:20:47.000,BUY,Down,0.46,26.48,0,"Ethereum Up or Down - March 19, 6:20PM-6:25PM ET"
2026-03-19 22:20:47.000,BUY,Up,0.54,0.47259999999999996,0,"Ethereum Up or Down - March 19, 6:20PM-6:25PM ET"
2026-03-19 22:20:47.000,BUY,Down,0.46000002113043853,8.518517,0,"Ethereum Up or Down - March 19, 6:20PM-6:25PM ET"
2026-03-19 22:20:47.000,BUY,Up,0.54,34.46011,0,"Ethereum Up or Down - March 19, 6:20PM-6:25PM ET"
2026-03-19 22:20:41.000,BUY,Up,0.78,7.94111,0,"XRP Up or Down - March 19, 6:20PM-6:25PM ET"
2026-03-19 22:20:39.000,BUY,Down,0.65,61.11882,0,"Bitcoin Up or Down - March 19, 6:20PM-6:25PM ET"
2026-03-19 22:20:39.000,BUY,Down,0.6499999924453737,32.664125000000006,0,"Solana Up or Down - March 19, 6:20PM-6:25PM ET"
2026-03-19 22:20:39.000,BUY,Down,0.6599999903649608,10.248135000000001,0,"Solana Up or Down - March 19, 6:20PM-6:25PM ET"
2026-03-19 22:20:39.000,BUY,Down,0.6599999740837639,11.430034999999998,0,"Solana Up or Down - March 19, 6:20PM-6:25PM ET"
2026-03-19 22:20:39.000,BUY,Up,0.35000024714913475,0.809228,0,"Solana Up or Down - March 19, 6:20PM-6:25PM ET"
2026-03-19 22:20:39.000,BUY,Up,0.35000001951953064,5.123074,0,"Solana Up or Down - March 19, 6:20PM-6:25PM ET"
2026-03-19 22:20:39.000,BUY,Up,0.35,1.06,0,"Solana Up or Down - March 19, 6:20PM-6:25PM ET"
2026-03-19 22:20:37.000,BUY,Down,0.640000189873568,2.106665,0,"Solana Up or Down - March 19, 6:20PM-6:25PM ET"
2026-03-19 22:20:35.000,BUY,Down,0.64,7,0,"Solana Up or Down - March 19, 6:20PM-6:25PM ET"
2026-03-19 22:20:33.000,BUY,Down,0.67,6.91446,0,"Solana Up or Down - March 19, 6:20PM-6:25PM ET"
2026-03-19 22:20:33.000,BUY,Down,0.58,2.39,0,"Ethereum Up or Down - March 19, 6:20PM-6:25PM ET"
2026-03-19 22:20:33.000,BUY,Down,0.67,6.91446,0,"Solana Up or Down - March 19, 6:20PM-6:25PM ET"
2026-03-19 22:20:33.000,BUY,Up,0.34508423086961404,7.009063,0,"Solana Up or Down - March 19, 6:20PM-6:25PM ET"
2026-03-19 22:20:33.000,BUY,Up,0.34,6.91188,0,"Solana Up or Down - March 19, 6:20PM-6:25PM ET"
2026-03-19 22:20:33.000,BUY,Down,0.67,9.87779,0,"Solana Up or Down - March 19, 6:20PM-6:25PM ET"
2026-03-19 22:20:33.000,BUY,Up,0.34,12.83635,0,"Solana Up or Down - March 19, 6:20PM-6:25PM ET"
2026-03-19 22:20:31.000,BUY,Up,0.4,7.966665,0,"Ethereum Up or Down - March 19, 6:20PM-6:25PM ET"
2026-03-19 22:20:31.000,BUY,Up,0.4,5.566665,0,"Ethereum Up or Down - March 19, 6:20PM-6:25PM ET"
2026-03-19 22:20:31.000,BUY,Up,0.4,8.066665,0,"Ethereum Up or Down - March 19, 6:20PM-6:25PM ET"
2026-03-19 22:20:31.000,BUY,Up,0.4,5.2,0,"Ethereum Up or Down - March 19, 6:20PM-6:25PM ET"
2026-03-19 22:20:31.000,BUY,Up,0.4,8.19,0,"Ethereum Up or Down - March 19, 6:20PM-6:25PM ET"
2026-03-19 22:20:31.000,BUY,Down,0.67,2.96334,0,"Solana Up or Down - March 19, 6:20PM-6:25PM ET"
2026-03-19 22:20:31.000,BUY,Up,0.35999993757224713,9.48357,0,"Solana Up or Down - March 19, 6:20PM-6:25PM ET"
2026-03-19 22:20:31.000,BUY,Down,0.5600000709677877,2.81818,0,"Ethereum Up or Down - March 19, 6:20PM-6:25PM ET"
2026-03-19 22:20:31.000,BUY,Down,0.5972361809045226,196.12137,0,"Bitcoin Up or Down - March 19, 6:20PM-6:25PM ET"
2026-03-19 22:20:27.000,BUY,Down,0.44,7,0,"Solana Up or Down - March 19, 6:20PM-6:25PM ET"
2026-03-19 22:20:27.000,BUY,Down,0.45,6.15,0,"Solana Up or Down - March 19, 6:20PM-6:25PM ET"
2026-03-19 22:20:25.000,BUY,Down,0.4500001184326154,0.844362,0,"Solana Up or Down - March 19, 6:20PM-6:25PM ET"
2026-03-19 22:20:11.000,BUY,Up,0.5399999910988988,6.636759,0,"Solana Up or Down - March 19, 6:20PM-6:25PM ET"
2026-03-19 22:20:11.000,BUY,Up,0.55,6.89281,0,"Solana Up or Down - March 19, 6:20PM-6:25PM ET"
2026-03-19 22:20:11.000,BUY,Up,0.5484046264280958,6.9127220000000005,0,"Solana Up or Down - March 19, 6:20PM-6:25PM ET"
2026-03-19 22:20:11.000,BUY,Up,0.5399999831688274,7.019658000000001,0,"Solana Up or Down - March 19, 6:20PM-6:25PM ET"
2026-03-19 22:20:11.000,BUY,Up,0.55,4.0273699999999995,0,"Solana Up or Down - March 19, 6:20PM-6:25PM ET"
2026-03-19 22:20:11.000,BUY,Down,0.36,9.86729,0,"XRP Up or Down - March 19, 6:20PM-6:25PM ET"
2026-03-19 22:20:11.000,BUY,Up,0.5299999797636334,10.216377,0,"Solana Up or Down - March 19, 6:20PM-6:25PM ET"
2026-03-19 22:20:09.000,BUY,Up,0.55,22.22,0,"Bitcoin Up or Down - March 19, 6:20PM-6:25PM ET"
2026-03-19 22:20:09.000,BUY,Up,0.62,34.51432,0,"Ethereum Up or Down - March 19, 6:20PM-6:25PM ET"
2026-03-19 22:20:09.000,BUY,Up,0.55,11.76,0,"Bitcoin Up or Down - March 19, 6:20PM-6:25PM ET"
2026-03-19 22:20:09.000,BUY,Up,0.5500002025001114,2.222221,0,"Bitcoin Up or Down - March 19, 6:20PM-6:25PM ET"
2026-03-19 22:20:09.000,BUY,Up,0.5500000478723608,4.177776,0,"Bitcoin Up or Down - March 19, 6:20PM-6:25PM ET"
2026-03-19 22:20:09.000,BUY,Up,0.55,9.61,0,"Bitcoin Up or Down - March 19, 6:20PM-6:25PM ET"
2026-03-19 22:20:09.000,BUY,Up,0.61,35,0,"Ethereum Up or Down - March 19, 6:20PM-6:25PM ET"
2026-03-19 22:20:09.000,BUY,Down,0.41,35,0,"Ethereum Up or Down - March 19, 6:20PM-6:25PM ET"
2026-03-19 22:20:09.000,BUY,Down,0.5,7,0,"Solana Up or Down - March 19, 6:20PM-6:25PM ET"
2026-03-19 22:20:09.000,BUY,Down,0.3900001253890024,2.950817,0,"Ethereum Up or Down - March 19, 6:20PM-6:25PM ET"
2026-03-19 22:20:07.000,,,0,117.631337,0,"XRP Up or Down - March 19, 6:10PM-6:15PM ET"
2026-03-19 22:20:07.000,,,0,167.486938,0,"Ethereum Up or Down - March 19, 6:10PM-6:15PM ET"
2026-03-19 22:20:07.000,,,0,144.525233,0,"Solana Up or Down - March 19, 6:10PM-6:15PM ET"
2026-03-19 22:20:07.000,BUY,Down,0.51,7,0,"XRP Up or Down - March 19, 6:20PM-6:25PM ET"
2026-03-19 22:20:07.000,BUY,Down,0.52,7,0,"XRP Up or Down - March 19, 6:20PM-6:25PM ET"
2026-03-19 22:20:05.000,BUY,Up,0.69,7,0,"Solana Up or Down - March 19, 6:15PM-6:20PM ET"
2026-03-19 22:20:05.000,BUY,Up,0.7,7,0,"Solana Up or Down - March 19, 6:15PM-6:20PM ET"
2026-03-19 22:20:05.000,BUY,Up,0.72,7,0,"Solana Up or Down - March 19, 6:15PM-6:20PM ET"
2026-03-19 22:20:01.000,BUY,Down,0.62,53.7,0,"Bitcoin Up or Down - March 19, 6:15PM-6:20PM ET"
2026-03-19 22:20:01.000,BUY,Down,0.5099999962438625,94.346786,0,"Bitcoin Up or Down - March 19, 6:15PM-6:20PM ET"
2026-03-19 22:20:01.000,BUY,Up,0.5399999851841149,25.252517,0,"Bitcoin Up or Down - March 19, 6:15PM-6:20PM ET"
2026-03-19 22:20:01.000,BUY,Down,0.55,16.58,0,"Bitcoin Up or Down - March 19, 6:15PM-6:20PM ET"
2026-03-19 22:20:01.000,BUY,Down,0.49451000589679855,79.12693,0,"Bitcoin Up or Down - March 19, 6:15PM-6:20PM ET"
2026-03-19 22:19:59.000,BUY,Up,0.5665888104529033,236.588162,0,"Bitcoin Up or Down - March 19, 6:15PM-6:20PM ET"
2026-03-19 22:19:59.000,BUY,Down,0.02,4.99952,0,"XRP Up or Down - March 19, 6:15PM-6:20PM ET"
2026-03-19 22:19:59.000,BUY,Down,0.88,37.792075000000004,0,"Bitcoin Up or Down - March 19, 6:15PM-6:20PM ET"
2026-03-19 22:19:59.000,BUY,Down,0.8854003670347632,17.911752,0,"Bitcoin Up or Down - March 19, 6:15PM-6:20PM ET"
2026-03-19 22:19:57.000,BUY,Up,0.5399999977499997,17.503546,0,"Bitcoin Up or Down - March 19, 6:15PM-6:20PM ET"
2026-03-19 22:19:57.000,BUY,Up,0.8358982511923688,18.78124,0,"Solana Up or Down - March 19, 6:15PM-6:20PM ET"
2026-03-19 22:19:57.000,BUY,Up,0.5399999754013,16.810703,0,"Bitcoin Up or Down - March 19, 6:15PM-6:20PM ET"
2026-03-19 22:19:57.000,BUY,Down,0.27,7,0,"Solana Up or Down - March 19, 6:15PM-6:20PM ET"
2026-03-19 22:19:57.000,BUY,Up,0.5699999858998139,27.94237,0,"Bitcoin Up or Down - March 19, 6:15PM-6:20PM ET"
2026-03-19 22:19:57.000,BUY,Down,0.52,34.70098,0,"Bitcoin Up or Down - March 19, 6:15PM-6:20PM ET"
2026-03-19 22:19:57.000,BUY,Down,0.4974571686203787,32.75019,0,"Bitcoin Up or Down - March 19, 6:15PM-6:20PM ET"
2026-03-19 22:19:57.000,BUY,Down,0.5198604129495044,104.37698999999999,0,"Bitcoin Up or Down - March 19, 6:15PM-6:20PM ET"
2026-03-19 22:19:57.000,BUY,Down,0.05,31.18241,0,"Solana Up or Down - March 19, 6:15PM-6:20PM ET"
2026-03-19 22:19:57.000,BUY,Down,0.5,78.25782,0,"Bitcoin Up or Down - March 19, 6:15PM-6:20PM ET"
2026-03-19 22:19:57.000,BUY,Down,0.4866950631199654,214.397279,0,"Bitcoin Up or Down - March 19, 6:15PM-6:20PM ET"
2026-03-19 22:19:55.000,BUY,Down,0.4,48.64,0,"Bitcoin Up or Down - March 19, 6:15PM-6:20PM ET"
2026-03-19 22:19:55.000,BUY,Down,0.4,2.96,0,"Bitcoin Up or Down - March 19, 6:15PM-6:20PM ET"
2026-03-19 22:19:55.000,BUY,Up,0.8,7,0,"Solana Up or Down - March 19, 6:15PM-6:20PM ET"
2026-03-19 22:19:55.000,BUY,Down,0.4,5,0,"Bitcoin Up or Down - March 19, 6:15PM-6:20PM ET"
2026-03-19 22:19:55.000,BUY,Down,0.4,2.96,0,"Bitcoin Up or Down - March 19, 6:15PM-6:20PM ET"
2026-03-19 22:19:55.000,BUY,Down,0.05,37.97857,0,"Solana Up or Down - March 19, 6:15PM-6:20PM ET"
2026-03-19 22:19:55.000,BUY,Down,0.4,2.96,0,"Bitcoin Up or Down - March 19, 6:15PM-6:20PM ET"
2026-03-19 22:19:55.000,BUY,Down,0.4,2.96,0,"Bitcoin Up or Down - March 19, 6:15PM-6:20PM ET"
2026-03-19 22:19:53.000,BUY,Down,0.5500000359424949,13.91111,0,"Bitcoin Up or Down - March 19, 6:15PM-6:20PM ET"
2026-03-19 22:19:53.000,BUY,Down,0.55,10,0,"Bitcoin Up or Down - March 19, 6:15PM-6:20PM ET"
2026-03-19 22:19:53.000,BUY,Down,0.55,14.41,0,"Bitcoin Up or Down - March 19, 6:15PM-6:20PM ET"
2026-03-19 22:19:53.000,BUY,Down,0.55,5.09,0,"Bitcoin Up or Down - March 19, 6:15PM-6:20PM ET"
2026-03-19 22:19:53.000,BUY,Down,0.03,4.99895,0,"XRP Up or Down - March 19, 6:15PM-6:20PM ET"
2026-03-19 22:19:53.000,BUY,Down,0.55,15,0,"Bitcoin Up or Down - March 19, 6:15PM-6:20PM ET"
2026-03-19 22:19:53.000,BUY,Up,0.54,11.669030000000001,0,"Bitcoin Up or Down - March 19, 6:15PM-6:20PM ET"
2026-03-19 22:19:53.000,BUY,Up,0.5599999985096473,26.431914,0,"Bitcoin Up or Down - March 19, 6:15PM-6:20PM ET"
2026-03-19 22:19:53.000,BUY,Up,0.5399999700923002,5.925687,0,"Bitcoin Up or Down - March 19, 6:15PM-6:20PM ET"
2026-03-19 22:19:53.000,BUY,Down,0.5599999981639344,214.55046,0,"Bitcoin Up or Down - March 19, 6:15PM-6:20PM ET"
2026-03-19 22:19:53.000,BUY,Up,0.5699999953762955,76.690318,0,"Bitcoin Up or Down - March 19, 6:15PM-6:20PM ET"
2026-03-19 22:19:51.000,BUY,Up,0.98,8.58078,0,"Ethereum Up or Down - March 19, 6:15PM-6:20PM ET"
2026-03-19 22:19:51.000,BUY,Down,0.5400000072100315,69.347825,0,"Bitcoin Up or Down - March 19, 6:15PM-6:20PM ET"
2026-03-19 22:19:51.000,BUY,Up,0.8,7,0,"Solana Up or Down - March 19, 6:15PM-6:20PM ET"
2026-03-19 22:19:51.000,BUY,Up,0.8,7,0,"Solana Up or Down - March 19, 6:15PM-6:20PM ET"
2026-03-19 22:19:51.000,BUY,Down,0.26,7,0,"Solana Up or Down - March 19, 6:15PM-6:20PM ET"
2026-03-19 22:19:51.000,BUY,Up,0.25966158539401246,65.971485,0,"Bitcoin Up or Down - March 19, 6:15PM-6:20PM ET"
2026-03-19 22:19:49.000,BUY,Up,0.3393578566872209,23.21952,0,"Bitcoin Up or Down - March 19, 6:15PM-6:20PM ET"
2026-03-19 22:19:49.000,BUY,Up,0.32999994435292873,7.632841,0,"Bitcoin Up or Down - March 19, 6:15PM-6:20PM ET"
2026-03-19 22:19:49.000,BUY,Down,0.82,6.48,0,"Bitcoin Up or Down - March 19, 6:15PM-6:20PM ET"
2026-03-19 22:19:49.000,BUY,Down,0.82,19.97,0,"Bitcoin Up or Down - March 19, 6:15PM-6:20PM ET"
2026-03-19 22:19:49.000,BUY,Down,0.8200001033043783,6.388887,0,"Bitcoin Up or Down - March 19, 6:15PM-6:20PM ET"
2026-03-19 22:19:49.000,BUY,Down,0.82,42.16,0,"Bitcoin Up or Down - March 19, 6:15PM-6:20PM ET"
2026-03-19 22:19:49.000,BUY,Up,0.35,7.30426,0,"Bitcoin Up or Down - March 19, 6:15PM-6:20PM ET"
2026-03-19 22:19:47.000,BUY,Down,0.61,7,0,"Solana Up or Down - March 19, 6:15PM-6:20PM ET"
2026-03-19 22:19:47.000,BUY,Down,0.61,7,0,"Solana Up or Down - March 19, 6:15PM-6:20PM ET"
2026-03-19 22:19:47.000,BUY,Up,0.97,26.22445,0,"Ethereum Up or Down - March 19, 6:15PM-6:20PM ET"
2026-03-19 22:19:47.000,BUY,Up,0.34,6.91188,0,"Solana Up or Down - March 19, 6:15PM-6:20PM ET"
2026-03-19 22:19:47.000,BUY,Up,0.33,1.97556,0,"Solana Up or Down - March 19, 6:15PM-6:20PM ET"
2026-03-19 22:19:45.000,BUY,Up,0.1,149.69625,0,"Bitcoin Up or Down - March 19, 6:15PM-6:20PM ET"
2026-03-19 22:19:43.000,BUY,Down,0.94,41,0,"Bitcoin Up or Down - March 19, 6:15PM-6:20PM ET"
2026-03-19 22:19:43.000,BUY,Down,0.92,3.66125,0,"Bitcoin Up or Down - March 19, 6:15PM-6:20PM ET"
2026-03-19 22:19:43.000,BUY,Down,0.92,9,0,"Bitcoin Up or Down - March 19, 6:15PM-6:20PM ET"
2026-03-19 22:19:43.000,BUY,Up,0.89,34.91614,0,"Ethereum Up or Down - March 19, 6:15PM-6:20PM ET"
2026-03-19 22:19:43.000,BUY,Down,0.92,38.33,0,"Bitcoin Up or Down - March 19, 6:15PM-6:20PM ET"
2026-03-19 22:19:43.000,BUY,Down,0.92,24,0,"Bitcoin Up or Down - March 19, 6:15PM-6:20PM ET"
2026-03-19 22:19:43.000,BUY,Down,0.94,9,0,"Bitcoin Up or Down - March 19, 6:15PM-6:20PM ET"
2026-03-19 22:19:43.000,BUY,Down,0.94,5.5,0,"Bitcoin Up or Down - March 19, 6:15PM-6:20PM ET"
2026-03-19 22:19:43.000,BUY,Down,0.94,4.5,0,"Bitcoin Up or Down - March 19, 6:15PM-6:20PM ET"
2026-03-19 22:19:43.000,BUY,Down,0.94,15,0,"Bitcoin Up or Down - March 19, 6:15PM-6:20PM ET"
2026-03-19 22:19:43.000,BUY,Up,0.89,31.92333,0,"Ethereum Up or Down - March 19, 6:15PM-6:20PM ET"
2026-03-19 22:19:43.000,BUY,Up,0.87,19.93605,0,"Ethereum Up or Down - March 19, 6:15PM-6:20PM ET"
2026-03-19 22:19:41.000,BUY,Up,0.7539203675344563,32.36906,0,"Ethereum Up or Down - March 19, 6:15PM-6:20PM ET"
2026-03-19 22:19:41.000,BUY,Up,0.11,10.97365,0,"Solana Up or Down - March 19, 6:15PM-6:20PM ET"
2026-03-19 22:19:41.000,BUY,Up,0.74,4.89,0,"XRP Up or Down - March 19, 6:15PM-6:20PM ET"
2026-03-19 22:19:39.000,BUY,Up,0.73,7,0,"XRP Up or Down - March 19, 6:15PM-6:20PM ET"
2026-03-19 22:19:39.000,BUY,Up,0.73,5,0,"XRP Up or Down - March 19, 6:15PM-6:20PM ET"
2026-03-19 22:19:39.000,BUY,Up,0.73,5,0,"XRP Up or Down - March 19, 6:15PM-6:20PM ET"
2026-03-19 22:19:39.000,BUY,Up,0.73,2,0,"XRP Up or Down - March 19, 6:15PM-6:20PM ET"
2026-03-19 22:19:37.000,BUY,Up,0.51,35,0,"Ethereum Up or Down - March 19, 6:15PM-6:20PM ET"
2026-03-19 22:19:37.000,BUY,Up,0.72,7,0,"XRP Up or Down - March 19, 6:15PM-6:20PM ET"
2026-03-19 22:19:35.000,BUY,Up,0.64,5,0,"XRP Up or Down - March 19, 6:15PM-6:20PM ET"
2026-03-19 22:19:33.000,BUY,Down,0.35,7,0,"XRP Up or Down - March 19, 6:15PM-6:20PM ET"
2026-03-19 22:19:31.000,BUY,Up,0.43,35,0,"Ethereum Up or Down - March 19, 6:15PM-6:20PM ET"
2026-03-19 22:19:31.000,BUY,Up,0.04,74.97236,0,"Bitcoin Up or Down - March 19, 6:15PM-6:20PM ET"
2026-03-19 22:19:31.000,BUY,Down,0.36,5,0,"XRP Up or Down - March 19, 6:15PM-6:20PM ET"
2026-03-19 22:19:31.000,BUY,Down,0.55,7,0,"Ethereum Up or Down - March 19, 6:15PM-6:20PM ET"
2026-03-19 22:19:29.000,BUY,Down,0.5600000528406525,9.840908,0,"Ethereum Up or Down - March 19, 6:15PM-6:20PM ET"
2026-03-19 22:19:29.000,BUY,Down,0.5500000151898742,26.333332,0,"Ethereum Up or Down - March 19, 6:15PM-6:20PM ET"
2026-03-19 22:19:27.000,BUY,Up,0.21000017555607386,0.797466,0,"Solana Up or Down - March 19, 6:15PM-6:20PM ET"
2026-03-19 22:19:27.000,BUY,Up,0.39,29.22,0,"Ethereum Up or Down - March 19, 6:15PM-6:20PM ET"
2026-03-19 22:19:27.000,BUY,Down,0.5600000837660293,5.252726,0,"Ethereum Up or Down - March 19, 6:15PM-6:20PM ET"
2026-03-19 22:19:27.000,BUY,Up,0.2200000850910545,1.410254,0,"Solana Up or Down - March 19, 6:15PM-6:20PM ET"
2026-03-19 22:19:27.000,BUY,Down,0.45,7,0,"XRP Up or Down - March 19, 6:15PM-6:20PM ET"
2026-03-19 22:19:27.000,BUY,Down,0.9300000685462242,13.275713,0,"Bitcoin Up or Down - March 19, 6:15PM-6:20PM ET"
2026-03-19 22:19:27.000,BUY,Down,0.93,54.22,0,"Bitcoin Up or Down - March 19, 6:15PM-6:20PM ET"
2026-03-19 22:19:25.000,BUY,Up,0.4,16.36,0,"Ethereum Up or Down - March 19, 6:15PM-6:20PM ET"
2026-03-19 22:19:25.000,BUY,Up,0.4,18.64,0,"Ethereum Up or Down - March 19, 6:15PM-6:20PM ET"
2026-03-19 22:19:25.000,BUY,Up,0.3900000502557062,5.770489,0,"Ethereum Up or Down - March 19, 6:15PM-6:20PM ET"
2026-03-19 22:19:25.000,BUY,Down,0.9300001214027271,7.495713,0,"Bitcoin Up or Down - March 19, 6:15PM-6:20PM ET"
2026-03-19 22:19:25.000,BUY,Down,0.44,7,0,"XRP Up or Down - March 19, 6:15PM-6:20PM ET"
2026-03-19 22:19:25.000,BUY,Down,0.45,7,0,"XRP Up or Down - March 19, 6:15PM-6:20PM ET"
2026-03-19 22:19:25.000,BUY,Up,0.22,4.84615,0,"Solana Up or Down - March 19, 6:15PM-6:20PM ET"
2026-03-19 22:19:25.000,BUY,Up,0.22,2.15,0,"Solana Up or Down - March 19, 6:15PM-6:20PM ET"
2026-03-19 22:19:25.000,BUY,Up,0.11,1.99521,0,"Solana Up or Down - March 19, 6:15PM-6:20PM ET"
2026-03-19 22:19:23.000,BUY,Up,0.2,7,0,"XRP Up or Down - March 19, 6:15PM-6:20PM ET"
2026-03-19 22:19:21.000,BUY,Up,0.04,24.99079,0,"Bitcoin Up or Down - March 19, 6:15PM-6:20PM ET"
2026-03-19 22:19:21.000,BUY,Up,0.21,7,0,"XRP Up or Down - March 19, 6:15PM-6:20PM ET"
2026-03-19 22:19:19.000,BUY,Up,0.05,96.14574,0,"Bitcoin Up or Down - March 19, 6:15PM-6:20PM ET"
2026-03-19 22:19:19.000,BUY,Up,0.21,7,0,"XRP Up or Down - March 19, 6:15PM-6:20PM ET"
2026-03-19 22:19:09.000,BUY,Down,0.88,8.316749999999999,0,"Ethereum Up or Down - March 19, 6:15PM-6:20PM ET"
2026-03-19 22:19:09.000,BUY,Up,0.06,28.75712,0,"Bitcoin Up or Down - March 19, 6:15PM-6:20PM ET"
2026-03-19 22:19:07.000,BUY,Up,0.19,7,0,"XRP Up or Down - March 19, 6:15PM-6:20PM ET"
2026-03-19 22:19:07.000,BUY,Up,0.2,7,0,"XRP Up or Down - March 19, 6:15PM-6:20PM ET"
2026-03-19 22:19:03.000,BUY,Down,0.87,35,0,"Ethereum Up or Down - March 19, 6:15PM-6:20PM ET"
2026-03-19 22:18:59.000,BUY,Up,0.2,7,0,"XRP Up or Down - March 19, 6:15PM-6:20PM ET"
2026-03-19 22:18:47.000,BUY,Down,0.9,75,0,"Bitcoin Up or Down - March 19, 6:15PM-6:20PM ET"
2026-03-19 22:18:47.000,BUY,Up,0.08,137.93795,0,"Bitcoin Up or Down - March 19, 6:15PM-6:20PM ET"
2026-03-19 22:18:43.000,BUY,Up,0.08,75,0,"Bitcoin Up or Down - March 19, 6:15PM-6:20PM ET"
2026-03-19 22:18:41.000,BUY,Up,0.09000003192990746,1.252744,0,"Bitcoin Up or Down - March 19, 6:15PM-6:20PM ET"
2026-03-19 22:18:41.000,BUY,Up,0.09000000050555577,19.780211,0,"Bitcoin Up or Down - March 19, 6:15PM-6:20PM ET"
2026-03-19 22:18:41.000,BUY,Up,0.08,75,0,"Bitcoin Up or Down - March 19, 6:15PM-6:20PM ET"
2026-03-19 22:18:41.000,BUY,Up,0.09,39.95,0,"Bitcoin Up or Down - March 19, 6:15PM-6:20PM ET"
2026-03-19 22:18:41.000,BUY,Up,0.09,14,0,"Bitcoin Up or Down - March 19, 6:15PM-6:20PM ET"
2026-03-19 22:18:39.000,BUY,Up,0.06,8,0,"Ethereum Up or Down - March 19, 6:15PM-6:20PM ET"
2026-03-19 22:18:39.000,BUY,Up,0.06,14,0,"Ethereum Up or Down - March 19, 6:15PM-6:20PM ET"
2026-03-19 22:18:37.000,BUY,Up,0.06,8.79,0,"Ethereum Up or Down - March 19, 6:15PM-6:20PM ET"
2026-03-19 22:18:33.000,BUY,Down,0.89,10,0,"Bitcoin Up or Down - March 19, 6:15PM-6:20PM ET"
2026-03-19 22:18:33.000,BUY,Down,0.89,52.9,0,"Bitcoin Up or Down - March 19, 6:15PM-6:20PM ET"
2026-03-19 22:18:33.000,BUY,Down,0.89,3,0,"Bitcoin Up or Down - March 19, 6:15PM-6:20PM ET"
2026-03-19 22:18:33.000,BUY,Down,0.8900000968000116,9.090908,0,"Bitcoin Up or Down - March 19, 6:15PM-6:20PM ET"
2026-03-19 22:18:31.000,,,0,609.636546,0,"Bitcoin Up or Down - March 19, 6:15PM-6:20PM ET"
2026-03-19 22:18:31.000,BUY,Down,0.88,75,0,"Bitcoin Up or Down - March 19, 6:15PM-6:20PM ET"
2026-03-19 22:18:31.000,BUY,Down,0.89,75,0,"Bitcoin Up or Down - March 19, 6:15PM-6:20PM ET"
2026-03-19 22:18:31.000,BUY,Down,0.9,75,0,"Bitcoin Up or Down - March 19, 6:15PM-6:20PM ET"
2026-03-19 22:18:27.000,BUY,Up,0.07000000015497808,64.525257,0,"Bitcoin Up or Down - March 19, 6:15PM-6:20PM ET"
2026-03-19 22:18:27.000,BUY,Up,0.08,75,0,"Bitcoin Up or Down - March 19, 6:15PM-6:20PM ET"
2026-03-19 22:18:27.000,BUY,Up,0.07,10.47,0,"Bitcoin Up or Down - March 19, 6:15PM-6:20PM ET"
2026-03-19 22:18:25.000,BUY,Up,0.08,5.31,0,"Bitcoin Up or Down - March 19, 6:15PM-6:20PM ET"
2026-03-19 22:18:25.000,BUY,Up,0.05,5.82,0,"Ethereum Up or Down - March 19, 6:15PM-6:20PM ET"
2026-03-19 22:18:25.000,BUY,Up,0.08,6.63,0,"Bitcoin Up or Down - March 19, 6:15PM-6:20PM ET"
2026-03-19 22:18:25.000,BUY,Down,0.8899999959111783,14.638994,0,"XRP Up or Down - March 19, 6:15PM-6:20PM ET"
2026-03-19 22:18:23.000,BUY,Down,0.91,6.98827,0,"Solana Up or Down - March 19, 6:15PM-6:20PM ET"
2026-03-19 22:18:23.000,BUY,Down,0.89,75,0,"Bitcoin Up or Down - March 19, 6:15PM-6:20PM ET"
2026-03-19 22:18:23.000,BUY,Down,0.9,75,0,"Bitcoin Up or Down - March 19, 6:15PM-6:20PM ET"
2026-03-19 22:18:15.000,BUY,Up,0.08,75,0,"Bitcoin Up or Down - March 19, 6:15PM-6:20PM ET"
2026-03-19 22:18:15.000,BUY,Up,0.08999999020725369,85.633936,0,"Bitcoin Up or Down - March 19, 6:15PM-6:20PM ET"
2026-03-19 22:18:15.000,BUY,Down,0.89,75,0,"Bitcoin Up or Down - March 19, 6:15PM-6:20PM ET"
2026-03-19 22:18:11.000,BUY,Up,0.09,75,0,"Bitcoin Up or Down - March 19, 6:15PM-6:20PM ET"
2026-03-19 22:18:09.000,BUY,Up,0.11000000404545636,9.887636,0,"Bitcoin Up or Down - March 19, 6:15PM-6:20PM ET"
2026-03-19 22:18:09.000,BUY,Up,0.06,5,0,"Ethereum Up or Down - March 19, 6:15PM-6:20PM ET"
2026-03-19 22:18:07.000,BUY,Up,0.11,20,0,"Bitcoin Up or Down - March 19, 6:15PM-6:20PM ET"
2026-03-19 22:18:07.000,BUY,Down,0.87,75,0,"Bitcoin Up or Down - March 19, 6:15PM-6:20PM ET"
2026-03-19 22:18:05.000,BUY,Down,0.8599999987912856,16.486546999999998,0,"Solana Up or Down - March 19, 6:15PM-6:20PM ET"
2026-03-19 22:18:03.000,BUY,Down,0.88,15,0,"Bitcoin Up or Down - March 19, 6:15PM-6:20PM ET"
2026-03-19 22:18:01.000,BUY,Down,0.8800000461449765,17.336665,0,"Bitcoin Up or Down - March 19, 6:15PM-6:20PM ET"
2026-03-19 22:18:01.000,BUY,Down,0.8800001008000161,8.333332,0,"Bitcoin Up or Down - March 19, 6:15PM-6:20PM ET"
2026-03-19 22:17:59.000,BUY,Down,0.88,7,0,"XRP Up or Down - March 19, 6:15PM-6:20PM ET"
2026-03-19 22:17:59.000,BUY,Down,0.87,75,0,"Bitcoin Up or Down - March 19, 6:15PM-6:20PM ET"
2026-03-19 22:17:59.000,BUY,Down,0.88,75,0,"Bitcoin Up or Down - March 19, 6:15PM-6:20PM ET"
2026-03-19 22:17:57.000,BUY,Up,0.05,10.5263,0,"Ethereum Up or Down - March 19, 6:15PM-6:20PM ET"
2026-03-19 22:17:51.000,BUY,Up,0.05,18.65,0,"Ethereum Up or Down - March 19, 6:15PM-6:20PM ET"
2026-03-19 22:17:51.000,BUY,Down,0.89,75,0,"Bitcoin Up or Down - March 19, 6:15PM-6:20PM ET"
2026-03-19 22:17:43.000,BUY,Up,0.07,8.10141,0,"Solana Up or Down - March 19, 6:15PM-6:20PM ET"
2026-03-19 22:17:43.000,BUY,Up,0.06,10.24,0,"Ethereum Up or Down - March 19, 6:15PM-6:20PM ET"
2026-03-19 22:17:43.000,BUY,Up,0.06,24.76,0,"Ethereum Up or Down - March 19, 6:15PM-6:20PM ET"
2026-03-19 22:17:39.000,BUY,Up,0.08999999292225193,124.124842,0,"Bitcoin Up or Down - March 19, 6:15PM-6:20PM ET"
2026-03-19 22:17:37.000,BUY,Up,0.09,74.87424,0,"Bitcoin Up or Down - March 19, 6:15PM-6:20PM ET"
2026-03-19 22:17:37.000,BUY,Up,0.07,13.42577,0,"Solana Up or Down - March 19, 6:15PM-6:20PM ET"
2026-03-19 22:17:35.000,BUY,Up,0.0900000010307445,67.912077,0,"Bitcoin Up or Down - March 19, 6:15PM-6:20PM ET"
2026-03-19 22:17:35.000,BUY,Up,0.09,5,0,"Bitcoin Up or Down - March 19, 6:15PM-6:20PM ET"
2026-03-19 22:17:35.000,BUY,Up,0.09,2.08,0,"Bitcoin Up or Down - March 19, 6:15PM-6:20PM ET"
2026-03-19 22:17:31.000,,,0,932.576077,0,"Bitcoin Up or Down - March 19, 6:15PM-6:20PM ET"
2026-03-19 22:17:31.000,BUY,Up,0.11,51.35,0,"Bitcoin Up or Down - March 19, 6:15PM-6:20PM ET"
2026-03-19 22:17:31.000,BUY,Up,0.1100000074166975,1.348309,0,"Bitcoin Up or Down - March 19, 6:15PM-6:20PM ET"
2026-03-19 22:17:29.000,BUY,Up,0.12,75,0,"Bitcoin Up or Down - March 19, 6:15PM-6:20PM ET"
2026-03-19 22:17:25.000,BUY,Down,0.86,24.4,0,"Bitcoin Up or Down - March 19, 6:15PM-6:20PM ET"
2026-03-19 22:17:19.000,BUY,Down,0.86,5,0,"Bitcoin Up or Down - March 19, 6:15PM-6:20PM ET"
2026-03-19 22:17:19.000,BUY,Down,0.86,1.85,0,"Bitcoin Up or Down - March 19, 6:15PM-6:20PM ET"
2026-03-19 22:17:19.000,BUY,Down,0.86,10,0,"Bitcoin Up or Down - March 19, 6:15PM-6:20PM ET"
2026-03-19 22:17:19.000,BUY,Down,0.86,11.2,0,"Bitcoin Up or Down - March 19, 6:15PM-6:20PM ET"
2026-03-19 22:17:19.000,BUY,Down,0.86,9,0,"Bitcoin Up or Down - March 19, 6:15PM-6:20PM ET"
2026-03-19 22:17:19.000,BUY,Down,0.86,12,0,"Bitcoin Up or Down - March 19, 6:15PM-6:20PM ET"
2026-03-19 22:17:19.000,BUY,Down,0.8600000285195197,25.947141,0,"Bitcoin Up or Down - March 19, 6:15PM-6:20PM ET"
2026-03-19 22:17:17.000,BUY,Down,0.87,75,0,"Bitcoin Up or Down - March 19, 6:15PM-6:20PM ET"
2026-03-19 22:17:13.000,BUY,Down,0.82,7,0,"Solana Up or Down - March 19, 6:15PM-6:20PM ET"
2026-03-19 22:17:11.000,BUY,Up,0.11,4.98802,0,"Bitcoin Up or Down - March 19, 6:15PM-6:20PM ET"
2026-03-19 22:17:11.000,BUY,Up,0.11,112.72925,0,"Bitcoin Up or Down - March 19, 6:15PM-6:20PM ET"
2026-03-19 22:17:11.000,BUY,Up,0.1,59.58,0,"Bitcoin Up or Down - March 19, 6:15PM-6:20PM ET"
2026-03-19 22:17:11.000,BUY,Up,0.1,15.42,0,"Bitcoin Up or Down - March 19, 6:15PM-6:20PM ET"
2026-03-19 22:17:11.000,BUY,Up,0.11,10.87,0,"Bitcoin Up or Down - March 19, 6:15PM-6:20PM ET"
2026-03-19 22:17:11.000,BUY,Up,0.1100000074166975,1.348309,0,"Bitcoin Up or Down - March 19, 6:15PM-6:20PM ET"
2026-03-19 22:17:11.000,BUY,Up,0.11,5.1,0,"Bitcoin Up or Down - March 19, 6:15PM-6:20PM ET"
2026-03-19 22:17:11.000,BUY,Up,0.11,19.92,0,"Bitcoin Up or Down - March 19, 6:15PM-6:20PM ET"
2026-03-19 22:17:11.000,BUY,Up,0.11,5,0,"Bitcoin Up or Down - March 19, 6:15PM-6:20PM ET"
2026-03-19 22:17:11.000,BUY,Up,0.11,2.56,0,"Bitcoin Up or Down - March 19, 6:15PM-6:20PM ET"
2026-03-19 22:17:11.000,BUY,Down,0.88,17.75038,0,"Ethereum Up or Down - March 19, 6:15PM-6:20PM ET"
2026-03-19 22:17:09.000,BUY,Up,0.11000000778750091,8.988763,0,"Bitcoin Up or Down - March 19, 6:15PM-6:20PM ET"
2026-03-19 22:17:09.000,BUY,Up,0.11,5.5,0,"Bitcoin Up or Down - March 19, 6:15PM-6:20PM ET"
2026-03-19 22:17:09.000,BUY,Up,0.11,3,0,"Bitcoin Up or Down - March 19, 6:15PM-6:20PM ET"
2026-03-19 22:17:09.000,BUY,Up,0.11000000229974456,4.348309,0,"Bitcoin Up or Down - March 19, 6:15PM-6:20PM ET"
2026-03-19 22:17:09.000,BUY,Up,0.11,3.0337,0,"Bitcoin Up or Down - March 19, 6:15PM-6:20PM ET"
2026-03-19 22:17:09.000,BUY,Down,0.86,10.651259999999999,0,"Ethereum Up or Down - March 19, 6:15PM-6:20PM ET"
2026-03-19 22:17:09.000,BUY,Up,0.11,75,0,"Bitcoin Up or Down - March 19, 6:15PM-6:20PM ET"
2026-03-19 22:17:07.000,BUY,Up,0.11,75,0,"Bitcoin Up or Down - March 19, 6:15PM-6:20PM ET"
2026-03-19 22:17:05.000,BUY,Down,0.77,4.9608,0,"Solana Up or Down - March 19, 6:15PM-6:20PM ET"
2026-03-19 22:17:05.000,BUY,Up,0.14,75,0,"Bitcoin Up or Down - March 19, 6:15PM-6:20PM ET"
2026-03-19 22:17:05.000,BUY,Down,0.88,7,0,"XRP Up or Down - March 19, 6:15PM-6:20PM ET"
2026-03-19 22:17:05.000,BUY,Down,0.85,7,0,"XRP Up or Down - March 19, 6:15PM-6:20PM ET"
2026-03-19 22:17:03.000,BUY,Up,0.15000000944445274,5.294113,0,"XRP Up or Down - March 19, 6:15PM-6:20PM ET"
2026-03-19 22:17:03.000,BUY,Down,0.75,13.87696,0,"Solana Up or Down - March 19, 6:15PM-6:20PM ET"
2026-03-19 22:17:01.000,BUY,Down,0.7899999978154164,72.736564,0,"Bitcoin Up or Down - March 19, 6:15PM-6:20PM ET"
2026-03-19 22:17:01.000,BUY,Up,0.22,7,0,"XRP Up or Down - March 19, 6:15PM-6:20PM ET"
2026-03-19 22:16:59.000,BUY,Down,0.7899999882962926,15.273922,0,"Bitcoin Up or Down - March 19, 6:15PM-6:20PM ET"
2026-03-19 22:16:59.000,BUY,Up,0.23,7,0,"XRP Up or Down - March 19, 6:15PM-6:20PM ET"
2026-03-19 22:16:45.000,BUY,Up,0.26,7,0,"XRP Up or Down - March 19, 6:15PM-6:20PM ET"
2026-03-19 22:16:41.000,BUY,Up,0.34,7,0,"Solana Up or Down - March 19, 6:15PM-6:20PM ET"
2026-03-19 22:16:39.000,BUY,Up,0.17000001301961273,3.072288,0,"Bitcoin Up or Down - March 19, 6:15PM-6:20PM ET"
2026-03-19 22:16:39.000,BUY,Up,0.17000001301961273,3.072288,0,"Bitcoin Up or Down - March 19, 6:15PM-6:20PM ET"
2026-03-19 22:16:39.000,BUY,Down,0.65,6.90943,0,"Solana Up or Down - March 19, 6:15PM-6:20PM ET"
2026-03-19 22:16:39.000,BUY,Up,0.17,35.32,0,"Bitcoin Up or Down - March 19, 6:15PM-6:20PM ET"
2026-03-19 22:16:39.000,BUY,Up,0.17,6,0,"Bitcoin Up or Down - March 19, 6:15PM-6:20PM ET"
2026-03-19 22:16:39.000,BUY,Up,0.17000001301961273,3.072288,0,"Bitcoin Up or Down - March 19, 6:15PM-6:20PM ET"
2026-03-19 22:16:39.000,BUY,Up,0.17000001301961273,3.072288,0,"Bitcoin Up or Down - March 19, 6:15PM-6:20PM ET"
2026-03-19 22:16:39.000,BUY,Up,0.17000001301961273,3.072288,0,"Bitcoin Up or Down - March 19, 6:15PM-6:20PM ET"
2026-03-19 22:16:39.000,BUY,Up,0.17,10,0,"Bitcoin Up or Down - March 19, 6:15PM-6:20PM ET"
2026-03-19 22:16:39.000,BUY,Up,0.17000009130017255,1.204817,0,"Bitcoin Up or Down - March 19, 6:15PM-6:20PM ET"
2026-03-19 22:16:39.000,BUY,Up,0.17000010629898812,1.034817,0,"Bitcoin Up or Down - March 19, 6:15PM-6:20PM ET"
2026-03-19 22:16:39.000,BUY,Up,0.1700000033200013,6.024094,0,"Bitcoin Up or Down - March 19, 6:15PM-6:20PM ET"
2026-03-19 22:16:37.000,BUY,Up,0.29,7,0,"XRP Up or Down - March 19, 6:15PM-6:20PM ET"
2026-03-19 22:16:37.000,BUY,Up,0.25,7,0,"XRP Up or Down - March 19, 6:15PM-6:20PM ET"
2026-03-19 22:16:35.000,BUY,Up,0.47,35,0,"Ethereum Up or Down - March 19, 6:15PM-6:20PM ET"
2026-03-19 22:16:33.000,BUY,Up,0.41,2,0,"Solana Up or Down - March 19, 6:15PM-6:20PM ET"
2026-03-19 22:16:33.000,BUY,Up,0.41,5,0,"Solana Up or Down - March 19, 6:15PM-6:20PM ET"
2026-03-19 22:16:33.000,BUY,Down,0.6,7.78624,0,"Solana Up or Down - March 19, 6:15PM-6:20PM ET"
2026-03-19 22:16:17.000,BUY,Down,0.71,19.78803,0,"Bitcoin Up or Down - March 19, 6:15PM-6:20PM ET"
2026-03-19 22:16:17.000,BUY,Down,0.71,11.77388,0,"Bitcoin Up or Down - March 19, 6:15PM-6:20PM ET"
2026-03-19 22:16:15.000,BUY,Down,0.7,20.620130000000003,0,"Bitcoin Up or Down - March 19, 6:15PM-6:20PM ET"
2026-03-19 22:16:09.000,BUY,Down,0.549999997284621,72.526594,0,"Ethereum Up or Down - March 19, 6:15PM-6:20PM ET"
2026-03-19 22:16:09.000,BUY,Up,0.28000001627119525,2.458332,0,"Bitcoin Up or Down - March 19, 6:15PM-6:20PM ET"
2026-03-19 22:16:09.000,BUY,Up,0.28,50,0,"Bitcoin Up or Down - March 19, 6:15PM-6:20PM ET"
2026-03-19 22:16:09.000,BUY,Up,0.28,3.157775,0,"Bitcoin Up or Down - March 19, 6:15PM-6:20PM ET"
2026-03-19 22:16:09.000,BUY,Up,0.4,7,0,"Solana Up or Down - March 19, 6:15PM-6:20PM ET"
2026-03-19 22:16:09.000,BUY,Up,0.4,7,0,"Solana Up or Down - March 19, 6:15PM-6:20PM ET"
2026-03-19 22:16:07.000,BUY,Up,0.41,1.04,0,"Solana Up or Down - March 19, 6:15PM-6:20PM ET"
2026-03-19 22:16:07.000,BUY,Down,0.6944242428822441,50.503293,0,"Bitcoin Up or Down - March 19, 6:15PM-6:20PM ET"
2026-03-19 22:16:07.000,BUY,Down,0.6499999980597014,76.307411,0,"Bitcoin Up or Down - March 19, 6:15PM-6:20PM ET"
2026-03-19 22:16:07.000,BUY,Down,0.52,65.95648,0,"Ethereum Up or Down - March 19, 6:15PM-6:20PM ET"
2026-03-19 22:16:07.000,BUY,Down,0.6499999967171717,75.16849500000001,0,"Bitcoin Up or Down - March 19, 6:15PM-6:20PM ET"
2026-03-19 22:16:05.000,BUY,Down,0.5000823665305004,7.0272820000000005,0,"Solana Up or Down - March 19, 6:15PM-6:20PM ET"
2026-03-19 22:15:59.000,BUY,Up,0.52,10.64,0,"Bitcoin Up or Down - March 19, 6:15PM-6:20PM ET"
2026-03-19 22:15:59.000,BUY,Up,0.5200001728001106,2.083332,0,"Bitcoin Up or Down - March 19, 6:15PM-6:20PM ET"
2026-03-19 22:15:59.000,BUY,Up,0.52,62.27,0,"Bitcoin Up or Down - March 19, 6:15PM-6:20PM ET"
2026-03-19 22:15:57.000,BUY,Down,0.3200001088000914,1.470587,0,"Ethereum Up or Down - March 19, 6:15PM-6:20PM ET"
2026-03-19 22:15:57.000,BUY,Up,0.58,1.39,0,"Solana Up or Down - March 19, 6:15PM-6:20PM ET"
2026-03-19 22:15:57.000,BUY,Up,0.58,0.61,0,"Solana Up or Down - March 19, 6:15PM-6:20PM ET"
2026-03-19 22:15:57.000,BUY,Up,0.58,5,0,"Solana Up or Down - March 19, 6:15PM-6:20PM ET"
2026-03-19 22:15:55.000,BUY,Up,0.39,5,0,"XRP Up or Down - March 19, 6:15PM-6:20PM ET"
2026-03-19 22:15:47.000,BUY,Down,0.40999998412457705,14.275863,0,"Solana Up or Down - March 19, 6:15PM-6:20PM ET"
2026-03-19 22:15:47.000,BUY,Up,0.59,1.96,0,"Solana Up or Down - March 19, 6:15PM-6:20PM ET"
2026-03-19 22:15:45.000,BUY,Up,0.65,35,0,"Ethereum Up or Down - March 19, 6:15PM-6:20PM ET"
2026-03-19 22:15:41.000,BUY,Up,0.53,13.29,0,"Bitcoin Up or Down - March 19, 6:15PM-6:20PM ET"
2026-03-19 22:15:39.000,BUY,Up,0.5300000271154004,3.319147,0,"Bitcoin Up or Down - March 19, 6:15PM-6:20PM ET"
2026-03-19 22:15:39.000,BUY,Down,0.44,7,0,"Solana Up or Down - March 19, 6:15PM-6:20PM ET"
2026-03-19 22:15:39.000,BUY,Up,0.53,5,0,"Bitcoin Up or Down - March 19, 6:15PM-6:20PM ET"
2026-03-19 22:15:39.000,BUY,Up,0.53,5,0,"Bitcoin Up or Down - March 19, 6:15PM-6:20PM ET"
2026-03-19 22:15:39.000,BUY,Up,0.53,5,0,"Bitcoin Up or Down - March 19, 6:15PM-6:20PM ET"
2026-03-19 22:15:39.000,BUY,Up,0.53,2,0,"Bitcoin Up or Down - March 19, 6:15PM-6:20PM ET"
2026-03-19 22:15:39.000,BUY,Up,0.53,5,0,"Bitcoin Up or Down - March 19, 6:15PM-6:20PM ET"
2026-03-19 22:15:39.000,BUY,Up,0.5300000297666747,6.382977,0,"Bitcoin Up or Down - March 19, 6:15PM-6:20PM ET"
2026-03-19 22:15:39.000,BUY,Up,0.53,5,0,"Bitcoin Up or Down - March 19, 6:15PM-6:20PM ET"
2026-03-19 22:15:29.000,BUY,Up,0.49,1.35,0,"Bitcoin Up or Down - March 19, 6:15PM-6:20PM ET"
2026-03-19 22:15:29.000,BUY,Up,0.49,2,0,"Bitcoin Up or Down - March 19, 6:15PM-6:20PM ET"
2026-03-19 22:15:29.000,BUY,Up,0.49,9,0,"Bitcoin Up or Down - March 19, 6:15PM-6:20PM ET"
2026-03-19 22:15:29.000,BUY,Up,0.49,17.25,0,"Bitcoin Up or Down - March 19, 6:15PM-6:20PM ET"
2026-03-19 22:15:29.000,BUY,Up,0.49000005981484474,3.176469,0,"Bitcoin Up or Down - March 19, 6:15PM-6:20PM ET"
2026-03-19 22:15:29.000,BUY,Up,0.49000004103449124,6.823528,0,"Bitcoin Up or Down - March 19, 6:15PM-6:20PM ET"
2026-03-19 22:15:29.000,BUY,Up,0.49,10.19,0,"Bitcoin Up or Down - March 19, 6:15PM-6:20PM ET"
2026-03-19 22:15:29.000,BUY,Up,0.49000002142000126,19.607842,0,"Bitcoin Up or Down - March 19, 6:15PM-6:20PM ET"
2026-03-19 22:15:27.000,BUY,Up,0.54,2.13,0,"Ethereum Up or Down - March 19, 6:15PM-6:20PM ET"
2026-03-19 22:15:27.000,BUY,Up,0.49000006084211933,5.588234,0,"Bitcoin Up or Down - March 19, 6:15PM-6:20PM ET"
2026-03-19 22:15:25.000,BUY,Down,0.49,4.83,0,"Solana Up or Down - March 19, 6:15PM-6:20PM ET"
2026-03-19 22:15:15.000,BUY,Down,0.57,7,0,"Solana Up or Down - March 19, 6:15PM-6:20PM ET"
2026-03-19 22:15:13.000,BUY,Down,0.64,57.060695,0,"Bitcoin Up or Down - March 19, 6:15PM-6:20PM ET"
2026-03-19 22:15:13.000,BUY,Down,0.59,32.56,0,"Ethereum Up or Down - March 19, 6:15PM-6:20PM ET"
2026-03-19 22:15:13.000,BUY,Down,0.5900001763001005,2.439023,0,"Ethereum Up or Down - March 19, 6:15PM-6:20PM ET"
2026-03-19 22:15:11.000,BUY,Down,0.7,172.99999,0,"Bitcoin Up or Down - March 19, 6:15PM-6:20PM ET"
2026-03-19 22:15:09.000,BUY,Down,0.7131142684728888,77.013295,0,"Bitcoin Up or Down - March 19, 6:15PM-6:20PM ET"
2026-03-19 22:15:09.000,BUY,Down,0.72,32.815925,0,"Bitcoin Up or Down - March 19, 6:15PM-6:20PM ET"
2026-03-19 22:15:09.000,BUY,Down,0.7099999970576576,77.340523,0,"Bitcoin Up or Down - March 19, 6:15PM-6:20PM ET"
2026-03-19 22:15:09.000,BUY,Up,0.3900001248819625,2.081966,0,"Solana Up or Down - March 19, 6:15PM-6:20PM ET"
2026-03-19 22:15:09.000,BUY,Up,0.33000000238043187,54.611939,0,"Bitcoin Up or Down - March 19, 6:15PM-6:20PM ET"
2026-03-19 22:15:09.000,BUY,Down,0.64,9.41,0,"Bitcoin Up or Down - March 19, 6:15PM-6:20PM ET"
2026-03-19 22:15:09.000,BUY,Down,0.6899999823076874,9.498793000000001,0,"XRP Up or Down - March 19, 6:15PM-6:20PM ET"
2026-03-19 22:15:09.000,BUY,Up,0.35,5,0,"Bitcoin Up or Down - March 19, 6:15PM-6:20PM ET"
2026-03-19 22:15:09.000,BUY,Up,0.34,15,0,"Bitcoin Up or Down - March 19, 6:15PM-6:20PM ET"
2026-03-19 22:15:09.000,BUY,Down,0.69,30.64542,0,"XRP Up or Down - March 19, 6:15PM-6:20PM ET"
2026-03-19 22:15:09.000,BUY,Up,0.3400000591045076,5.075755,0,"Bitcoin Up or Down - March 19, 6:15PM-6:20PM ET"
2026-03-19 22:15:09.000,BUY,Up,0.47,5,0,"Solana Up or Down - March 19, 6:15PM-6:20PM ET"
2026-03-19 22:15:09.000,BUY,Down,0.64,25,0,"Bitcoin Up or Down - March 19, 6:15PM-6:20PM ET"
2026-03-19 22:15:09.000,BUY,Down,0.64000006240001,8.333332,0,"Bitcoin Up or Down - March 19, 6:15PM-6:20PM ET"
2026-03-19 22:15:09.000,BUY,Up,0.3500000080098592,24.969228,0,"Bitcoin Up or Down - March 19, 6:15PM-6:20PM ET"
2026-03-19 22:15:09.000,BUY,Up,0.47000003533356655,0.283017,0,"Solana Up or Down - March 19, 6:15PM-6:20PM ET"
2026-03-19 22:15:09.000,BUY,Up,0.35,10,0,"Bitcoin Up or Down - March 19, 6:15PM-6:20PM ET"
2026-03-19 22:15:07.000,,,0,351.201349,0,"Bitcoin Up or Down - March 19, 6:05PM-6:10PM ET"
2026-03-19 22:15:07.000,,,0,268.189644,0,"Ethereum Up or Down - March 19, 6:05PM-6:10PM ET"
2026-03-19 22:15:07.000,,,0,93.792301,0,"XRP Up or Down - March 19, 6:05PM-6:10PM ET"
2026-03-19 22:15:07.000,,,0,107.800501,0,"Solana Up or Down - March 19, 6:05PM-6:10PM ET"
2026-03-19 22:14:57.000,BUY,Up,0.87,1.4354,0,"XRP Up or Down - March 19, 6:10PM-6:15PM ET"
2026-03-19 22:14:57.000,BUY,Up,0.77,7,0,"XRP Up or Down - March 19, 6:10PM-6:15PM ET"
2026-03-19 22:14:57.000,BUY,Up,0.86,7,0,"XRP Up or Down - March 19, 6:10PM-6:15PM ET"
2026-03-19 22:14:57.000,BUY,Up,0.8,2,0,"XRP Up or Down - March 19, 6:10PM-6:15PM ET"
2026-03-19 22:14:55.000,BUY,Down,0.22577069998349467,28.438489999999998,0,"XRP Up or Down - March 19, 6:10PM-6:15PM ET"
2026-03-19 22:14:55.000,BUY,Up,0.96,7,0,"Solana Up or Down - March 19, 6:10PM-6:15PM ET"
2026-03-19 22:14:55.000,BUY,Down,0.05,4.99718,0,"XRP Up or Down - March 19, 6:10PM-6:15PM ET"
2026-03-19 22:14:51.000,BUY,Down,0.05,4.99718,0,"XRP Up or Down - March 19, 6:10PM-6:15PM ET"
2026-03-19 22:14:49.000,BUY,Down,0.04,6.99742,0,"XRP Up or Down - March 19, 6:10PM-6:15PM ET"
2026-03-19 22:14:31.000,,,0,898.511688,0,"Bitcoin Up or Down - March 19, 6:10PM-6:15PM ET"
2026-03-19 22:14:27.000,BUY,Up,0.95,10.1143,0,"XRP Up or Down - March 19, 6:10PM-6:15PM ET"
2026-03-19 22:14:25.000,BUY,Down,0.03,9.32803,0,"Ethereum Up or Down - March 19, 6:10PM-6:15PM ET"
2026-03-19 22:14:25.000,BUY,Down,0.029999990034601937,96.31294199999999,0,"Ethereum Up or Down - March 19, 6:10PM-6:15PM ET"
2026-03-19 22:14:25.000,BUY,Down,0.03,4.99895,0,"Ethereum Up or Down - March 19, 6:10PM-6:15PM ET"
2026-03-19 22:14:23.000,BUY,Down,0.029999990273037378,97.645995,0,"Bitcoin Up or Down - March 19, 6:10PM-6:15PM ET"
2026-03-19 22:14:23.000,BUY,Down,0.03,74.98413,0,"Bitcoin Up or Down - March 19, 6:10PM-6:15PM ET"
2026-03-19 22:14:23.000,BUY,Down,0.029999989964788556,94.646625,0,"Bitcoin Up or Down - March 19, 6:10PM-6:15PM ET"
