timestamp,side,outcome,price,size,usdc,market
2026-03-19 22:32:23.000,BUY,Up,0.3500000522088521,3.830768,0,"Bitcoin Up or Down - March 19, 6:30PM-6:35PM ET"
2026-03-19 22:32:23.000,BUY,Down,0.6300000117388656,44.297296,0,"Bitcoin Up or Down - March 19, 6:30PM-6:35PM ET"
2026-03-19 22:32:23.000,BUY,Down,0.6300001947369104,3.08108,0,"Bitcoin Up or Down - March 19, 6:30PM-6:35PM ET"
2026-03-19 22:32:23.000,BUY,Up,0.35,37.22,0,"Bitcoin Up or Down - March 19, 6:30PM-6:35PM ET"
2026-03-19 22:32:21.000,BUY,Up,0.35,1.63,0,"Bitcoin Up or Down - March 19, 6:30PM-6:35PM ET"
2026-03-19 22:32:21.000,BUY,Up,0.35,1.53846,0,"Bitcoin Up or Down - March 19, 6:30PM-6:35PM ET"
2026-03-19 22:32:21.000,BUY,Up,0.35,0.94,0,"Bitcoin Up or Down - March 19, 6:30PM-6:35PM ET"
2026-03-19 22:32:21.000,BUY,Up,0.35,4.83,0,"Bitcoin Up or Down - March 19, 6:30PM-6:35PM ET"
2026-03-19 22:32:19.000,BUY,Down,0.78,12,0,"Solana Up or Down - March 19, 6:30PM-6:35PM ET"
2026-03-19 22:32:19.000,BUY,Down,0.78,2,0,"Solana Up or Down - March 19, 6:30PM-6:35PM ET"
2026-03-19 22:32:19.000,BUY,Up,0.18000002224808298,6.292677,0,"Solana Up or Down - March 19, 6:30PM-6:35PM ET"
2026-03-19 22:32:19.000,BUY,Down,0.8100001786134905,3.583156,0,"Solana Up or Down - March 19, 6:30PM-6:35PM ET"
2026-03-19 22:32:11.000,BUY,Up,0.13,14,0,"Solana Up or Down - March 19, 6:30PM-6:35PM ET"
2026-03-19 22:32:07.000,BUY,Down,0.9,12.81,0,"Solana Up or Down - March 19, 6:30PM-6:35PM ET"
2026-03-19 22:32:07.000,BUY,Down,0.9,1.19,0,"Solana Up or Down - March 19, 6:30PM-6:35PM ET"
2026-03-19 22:32:07.000,BUY,Down,0.91,14,0,"Solana Up or Down - March 19, 6:30PM-6:35PM ET"
2026-03-19 22:32:05.000,BUY,Up,0.11,13.46,0,"Solana Up or Down - March 19, 6:30PM-6:35PM ET"
2026-03-19 22:31:51.000,BUY,Up,0.13,14,0,"Solana Up or Down - March 19, 6:30PM-6:35PM ET"
2026-03-19 22:31:45.000,BUY,Up,0.14,14.8,0,"Bitcoin Up or Down - March 19, 6:30PM-6:35PM ET"
2026-03-19 22:31:45.000,BUY,Up,0.14,5,0,"Bitcoin Up or Down - March 19, 6:30PM-6:35PM ET"
2026-03-19 22:31:45.000,BUY,Up,0.14,5.81395,0,"Bitcoin Up or Down - March 19, 6:30PM-6:35PM ET"
2026-03-19 22:31:43.000,BUY,Up,0.14,9,0,"Bitcoin Up or Down - March 19, 6:30PM-6:35PM ET"
2026-03-19 22:31:43.000,BUY,Up,0.1400000860004214,1.162785,0,"Bitcoin Up or Down - March 19, 6:30PM-6:35PM ET"
2026-03-19 22:31:43.000,BUY,Up,0.14,3.04,0,"Bitcoin Up or Down - March 19, 6:30PM-6:35PM ET"
2026-03-19 22:31:43.000,BUY,Up,0.14,10,0,"Bitcoin Up or Down - March 19, 6:30PM-6:35PM ET"
2026-03-19 22:31:43.000,BUY,Up,0.14,1.17,0,"Bitcoin Up or Down - March 19, 6:30PM-6:35PM ET"
2026-03-19 22:31:39.000,BUY,Up,0.33,20,0,"Ethereum Up or Down - March 19, 6:30PM-6:35PM ET"
2026-03-19 22:31:37.000,BUY,Up,0.11,1.21,0,"Solana Up or Down - March 19, 6:30PM-6:35PM ET"
2026-03-19 22:31:37.000,BUY,Up,0.11000001447159154,1.382018,0,"Solana Up or Down - March 19, 6:30PM-6:35PM ET"
2026-03-19 22:31:35.000,,,0,503.098529,0,"Bitcoin Up or Down - March 19, 6:25PM-6:30PM ET"
2026-03-19 22:31:35.000,BUY,Up,0.11,5,0,"Solana Up or Down - March 19, 6:30PM-6:35PM ET"
2026-03-19 22:31:35.000,BUY,Up,0.11000004306465297,1.393254,0,"Solana Up or Down - March 19, 6:30PM-6:35PM ET"
2026-03-19 22:31:35.000,BUY,Up,0.11,5,0,"Solana Up or Down - March 19, 6:30PM-6:35PM ET"
2026-03-19 22:31:31.000,BUY,Up,0.23,6.26,0,"Ethereum Up or Down - March 19, 6:30PM-6:35PM ET"
2026-03-19 22:31:31.000,BUY,Up,0.230000035538469,5.064934,0,"Ethereum Up or Down - March 19, 6:30PM-6:35PM ET"
2026-03-19 22:31:29.000,BUY,Up,0.23,3.46,0,"Ethereum Up or Down - March 19, 6:30PM-6:35PM ET"
2026-03-19 22:31:27.000,BUY,Up,0.23,11.21,0,"Ethereum Up or Down - March 19, 6:30PM-6:35PM ET"
2026-03-19 22:31:25.000,BUY,Up,0.25,24.34,0,"Ethereum Up or Down - March 19, 6:30PM-6:35PM ET"
2026-03-19 22:31:23.000,BUY,Up,0.25,1.66,0,"Ethereum Up or Down - March 19, 6:30PM-6:35PM ET"
2026-03-19 22:31:21.000,BUY,Up,0.1,3.48,0,"Solana Up or Down - March 19, 6:30PM-6:35PM ET"
2026-03-19 22:31:21.000,BUY,Up,0.1,5.58888,0,"Solana Up or Down - March 19, 6:30PM-6:35PM ET"
2026-03-19 22:31:21.000,BUY,Up,0.1,4.93,0,"Solana Up or Down - March 19, 6:30PM-6:35PM ET"
2026-03-19 22:31:19.000,BUY,Up,0.1,5,0,"Solana Up or Down - March 19, 6:30PM-6:35PM ET"
2026-03-19 22:31:19.000,BUY,Up,0.1,1.11111,0,"Solana Up or Down - March 19, 6:30PM-6:35PM ET"
2026-03-19 22:31:17.000,BUY,Down,0.84,50,0,"Bitcoin Up or Down - March 19, 6:30PM-6:35PM ET"
2026-03-19 22:31:13.000,BUY,Down,0.8500000642857235,11.666665,0,"Ethereum Up or Down - March 19, 6:30PM-6:35PM ET"
2026-03-19 22:31:13.000,BUY,Up,0.09,14,0,"Solana Up or Down - March 19, 6:30PM-6:35PM ET"
2026-03-19 22:31:13.000,BUY,Up,0.09,50,0,"Bitcoin Up or Down - March 19, 6:30PM-6:35PM ET"
2026-03-19 22:31:09.000,BUY,Down,0.8600001176000188,7.142856,0,"Ethereum Up or Down - March 19, 6:30PM-6:35PM ET"
2026-03-19 22:31:07.000,BUY,Down,0.86,14,0,"Ethereum Up or Down - March 19, 6:30PM-6:35PM ET"
2026-03-19 22:30:57.000,BUY,Down,0.81,14,0,"Solana Up or Down - March 19, 6:30PM-6:35PM ET"
2026-03-19 22:30:55.000,BUY,Down,0.78,11.54,0,"Ethereum Up or Down - March 19, 6:30PM-6:35PM ET"
2026-03-19 22:30:53.000,BUY,Down,0.74,50,0,"Bitcoin Up or Down - March 19, 6:30PM-6:35PM ET"
2026-03-19 22:30:49.000,BUY,Up,0.24,26,0,"Ethereum Up or Down - March 19, 6:30PM-6:35PM ET"
2026-03-19 22:30:47.000,BUY,Down,0.79,12.02,0,"Solana Up or Down - March 19, 6:30PM-6:35PM ET"
2026-03-19 22:30:47.000,BUY,Down,0.8,14,0,"Solana Up or Down - March 19, 6:30PM-6:35PM ET"
2026-03-19 22:30:45.000,BUY,Down,0.74,2,0,"Solana Up or Down - March 19, 6:30PM-6:35PM ET"
2026-03-19 22:30:45.000,BUY,Down,0.74,3,0,"Solana Up or Down - March 19, 6:30PM-6:35PM ET"
2026-03-19 22:30:45.000,BUY,Down,0.74,6,0,"Solana Up or Down - March 19, 6:30PM-6:35PM ET"
2026-03-19 22:30:45.000,BUY,Down,0.74,3,0,"Solana Up or Down - March 19, 6:30PM-6:35PM ET"
2026-03-19 22:30:35.000,BUY,Down,0.62,4.5,0,"Solana Up or Down - March 19, 6:30PM-6:35PM ET"
2026-03-19 22:30:35.000,BUY,Up,0.36,3.828125,0,"Solana Up or Down - March 19, 6:30PM-6:35PM ET"
2026-03-19 22:30:35.000,BUY,Down,0.6300001369000863,2.702701,0,"Solana Up or Down - March 19, 6:30PM-6:35PM ET"
2026-03-19 22:30:33.000,BUY,Up,0.39,14.65,0,"Ethereum Up or Down - March 19, 6:30PM-6:35PM ET"
2026-03-19 22:30:33.000,BUY,Up,0.36,4.6875,0,"Solana Up or Down - March 19, 6:30PM-6:35PM ET"
2026-03-19 22:30:31.000,,,0,130,0,"Ethereum Up or Down - March 19, 6:20PM-6:25PM ET"
2026-03-19 22:30:31.000,,,0,182.342533,0,"Solana Up or Down - March 19, 6:20PM-6:25PM ET"
2026-03-19 22:30:31.000,,,0,391.993845,0,"Bitcoin Up or Down - March 19, 6:20PM-6:25PM ET"
2026-03-19 22:30:29.000,BUY,Down,0.62,5,0,"Bitcoin Up or Down - March 19, 6:30PM-6:35PM ET"
2026-03-19 22:30:29.000,BUY,Down,0.62,25.36,0,"Bitcoin Up or Down - March 19, 6:30PM-6:35PM ET"
2026-03-19 22:30:29.000,BUY,Down,0.62,5,0,"Bitcoin Up or Down - March 19, 6:30PM-6:35PM ET"
2026-03-19 22:30:29.000,BUY,Down,0.62,5.5,0,"Bitcoin Up or Down - March 19, 6:30PM-6:35PM ET"
2026-03-19 22:30:29.000,BUY,Down,0.6200000636649441,5.026314,0,"Bitcoin Up or Down - March 19, 6:30PM-6:35PM ET"
2026-03-19 22:30:27.000,BUY,Down,0.6200001364102948,4.105262,0,"Bitcoin Up or Down - March 19, 6:30PM-6:35PM ET"
2026-03-19 22:30:27.000,BUY,Down,0.63,7.99,0,"Solana Up or Down - March 19, 6:30PM-6:35PM ET"
2026-03-19 22:30:27.000,BUY,Down,0.6300000699118412,6.007566,0,"Solana Up or Down - March 19, 6:30PM-6:35PM ET"
2026-03-19 22:30:15.000,BUY,Up,0.46,14,0,"Solana Up or Down - March 19, 6:30PM-6:35PM ET"
2026-03-19 22:30:13.000,BUY,Down,0.5200000480000192,4.166665,0,"Bitcoin Up or Down - March 19, 6:30PM-6:35PM ET"
2026-03-19 22:30:13.000,BUY,Down,0.5500002025001114,2.222221,0,"Ethereum Up or Down - March 19, 6:30PM-6:35PM ET"
2026-03-19 22:30:13.000,BUY,Down,0.52,9.375,0,"Bitcoin Up or Down - March 19, 6:30PM-6:35PM ET"
2026-03-19 22:30:13.000,BUY,Down,0.55,23.25,0,"Ethereum Up or Down - March 19, 6:30PM-6:35PM ET"
2026-03-19 22:30:13.000,BUY,Down,0.520000019200003,10.416665,0,"Bitcoin Up or Down - March 19, 6:30PM-6:35PM ET"
2026-03-19 22:30:13.000,BUY,Down,0.5400002392001149,2.173912,0,"Ethereum Up or Down - March 19, 6:30PM-6:35PM ET"
2026-03-19 22:30:11.000,BUY,Down,0.55,4.29,0,"Solana Up or Down - March 19, 6:30PM-6:35PM ET"
2026-03-19 22:30:11.000,BUY,Down,0.5400002392001149,2.173912,0,"Ethereum Up or Down - March 19, 6:30PM-6:35PM ET"
2026-03-19 22:30:09.000,BUY,Down,0.55,50,0,"Bitcoin Up or Down - March 19, 6:30PM-6:35PM ET"
2026-03-19 22:30:09.000,BUY,Down,0.54,50,0,"Bitcoin Up or Down - March 19, 6:30PM-6:35PM ET"
2026-03-19 22:30:01.000,BUY,Up,0.09,26,0,"Ethereum Up or Down - March 19, 6:25PM-6:30PM ET"
2026-03-19 22:30:01.000,BUY,Down,0.94,6.85,0,"Solana Up or Down - March 19, 6:25PM-6:30PM ET"
2026-03-19 22:29:57.000,BUY,Down,0.41,50,0,"Bitcoin Up or Down - March 19, 6:25PM-6:30PM ET"
2026-03-19 22:29:53.000,BUY,Up,0.53,50,0,"Bitcoin Up or Down - March 19, 6:25PM-6:30PM ET"
2026-03-19 22:29:49.000,BUY,Down,0.6,14,0,"Solana Up or Down - March 19, 6:25PM-6:30PM ET"
2026-03-19 22:29:43.000,BUY,Up,0.4,14,0,"Solana Up or Down - March 19, 6:25PM-6:30PM ET"
2026-03-19 22:29:41.000,BUY,Up,0.95,26,0,"Ethereum Up or Down - March 19, 6:25PM-6:30PM ET"
2026-03-19 22:29:37.000,BUY,Up,0.4,14,0,"Solana Up or Down - March 19, 6:25PM-6:30PM ET"
2026-03-19 22:29:37.000,BUY,Up,0.39,14,0,"Solana Up or Down - March 19, 6:25PM-6:30PM ET"
2026-03-19 22:29:35.000,BUY,Up,0.4,2.48,0,"Solana Up or Down - March 19, 6:25PM-6:30PM ET"
2026-03-19 22:29:35.000,BUY,Up,0.4,11.516665,0,"Solana Up or Down - March 19, 6:25PM-6:30PM ET"
2026-03-19 22:29:35.000,BUY,Down,0.55,50,0,"Bitcoin Up or Down - March 19, 6:25PM-6:30PM ET"
2026-03-19 22:29:35.000,BUY,Down,0.62,1.07,0,"Solana Up or Down - March 19, 6:25PM-6:30PM ET"
2026-03-19 22:29:35.000,BUY,Down,0.6300000234648392,12.358917,0,"Solana Up or Down - March 19, 6:25PM-6:30PM ET"
2026-03-19 22:29:35.000,BUY,Down,0.6200000278433644,12.929472,0,"Solana Up or Down - March 19, 6:25PM-6:30PM ET"
2026-03-19 22:29:35.000,BUY,Down,0.63,1.64,0,"Solana Up or Down - March 19, 6:25PM-6:30PM ET"
2026-03-19 22:29:35.000,BUY,Up,0.36,5,0,"Solana Up or Down - March 19, 6:25PM-6:30PM ET"
2026-03-19 22:29:31.000,BUY,Up,0.35,13.55,0,"Solana Up or Down - March 19, 6:25PM-6:30PM ET"
2026-03-19 22:29:31.000,BUY,Up,0.36,14,0,"Solana Up or Down - March 19, 6:25PM-6:30PM ET"
2026-03-19 22:29:25.000,BUY,Down,0.6,13.62,0,"Solana Up or Down - March 19, 6:25PM-6:30PM ET"
2026-03-19 22:29:17.000,BUY,Up,0.41,14,0,"Solana Up or Down - March 19, 6:25PM-6:30PM ET"
2026-03-19 22:29:13.000,BUY,Down,0.6,14,0,"Solana Up or Down - March 19, 6:25PM-6:30PM ET"
2026-03-19 22:29:07.000,BUY,Down,0.5900000667803175,6.439023,0,"Solana Up or Down - March 19, 6:25PM-6:30PM ET"
2026-03-19 22:29:03.000,BUY,Down,0.6,8,0,"Solana Up or Down - March 19, 6:25PM-6:30PM ET"
2026-03-19 22:29:03.000,BUY,Down,0.6,6,0,"Solana Up or Down - March 19, 6:25PM-6:30PM ET"
2026-03-19 22:29:03.000,BUY,Down,0.1,17.22222,0,"Ethereum Up or Down - March 19, 6:25PM-6:30PM ET"
2026-03-19 22:29:01.000,BUY,Down,0.6,10.65,0,"Solana Up or Down - March 19, 6:25PM-6:30PM ET"
2026-03-19 22:29:01.000,BUY,Down,0.6,3.35,0,"Solana Up or Down - March 19, 6:25PM-6:30PM ET"
2026-03-19 22:28:59.000,BUY,Down,0.6,14,0,"Solana Up or Down - March 19, 6:25PM-6:30PM ET"
2026-03-19 22:28:55.000,BUY,Up,0.91,5,0,"Ethereum Up or Down - March 19, 6:25PM-6:30PM ET"
2026-03-19 22:28:55.000,BUY,Up,0.91,0.41,0,"Ethereum Up or Down - March 19, 6:25PM-6:30PM ET"
2026-03-19 22:28:51.000,BUY,Down,0.5300000096413809,40.450637,0,"Bitcoin Up or Down - March 19, 6:25PM-6:30PM ET"
2026-03-19 22:28:33.000,BUY,Down,0.5,50,0,"Bitcoin Up or Down - March 19, 6:25PM-6:30PM ET"
2026-03-19 22:28:31.000,BUY,Up,0.48,50,0,"Bitcoin Up or Down - March 19, 6:25PM-6:30PM ET"
2026-03-19 22:28:31.000,BUY,Down,0.51,9,0,"Bitcoin Up or Down - March 19, 6:25PM-6:30PM ET"
2026-03-19 22:28:31.000,BUY,Down,0.51,29.05,0,"Bitcoin Up or Down - March 19, 6:25PM-6:30PM ET"
2026-03-19 22:28:31.000,BUY,Up,0.79,5,0,"Ethereum Up or Down - March 19, 6:25PM-6:30PM ET"
2026-03-19 22:28:27.000,BUY,Down,0.54,49.45,0,"Bitcoin Up or Down - March 19, 6:25PM-6:30PM ET"
2026-03-19 22:28:27.000,BUY,Down,0.54,0.55,0,"Bitcoin Up or Down - March 19, 6:25PM-6:30PM ET"
2026-03-19 22:28:25.000,BUY,Down,0.5900000553500202,4.878047,0,"Solana Up or Down - March 19, 6:25PM-6:30PM ET"
2026-03-19 22:28:23.000,BUY,Down,0.22000001424992516,9.824613,0,"Ethereum Up or Down - March 19, 6:25PM-6:30PM ET"
2026-03-19 22:28:23.000,BUY,Down,0.23,6,0,"Ethereum Up or Down - March 19, 6:25PM-6:30PM ET"
2026-03-19 22:28:23.000,BUY,Down,0.5900001827175085,2.243901,0,"Solana Up or Down - March 19, 6:25PM-6:30PM ET"
2026-03-19 22:28:17.000,BUY,Down,0.660000170000085,2.941175,0,"Bitcoin Up or Down - March 19, 6:25PM-6:30PM ET"
2026-03-19 22:28:17.000,BUY,Down,0.66,2.52,0,"Bitcoin Up or Down - March 19, 6:25PM-6:30PM ET"
2026-03-19 22:28:17.000,BUY,Up,0.37,14,0,"Solana Up or Down - March 19, 6:25PM-6:30PM ET"
2026-03-19 22:28:17.000,BUY,Down,0.66,44.53,0,"Bitcoin Up or Down - March 19, 6:25PM-6:30PM ET"
2026-03-19 22:28:15.000,BUY,Up,0.35,14,0,"Solana Up or Down - March 19, 6:25PM-6:30PM ET"
2026-03-19 22:28:15.000,BUY,Up,0.36,14,0,"Solana Up or Down - March 19, 6:25PM-6:30PM ET"
2026-03-19 22:28:13.000,BUY,Down,0.38,9,0,"Ethereum Up or Down - March 19, 6:25PM-6:30PM ET"
2026-03-19 22:28:05.000,BUY,Down,0.74,3,0,"Solana Up or Down - March 19, 6:25PM-6:30PM ET"
2026-03-19 22:28:05.000,BUY,Down,0.74,5,0,"Solana Up or Down - March 19, 6:25PM-6:30PM ET"
2026-03-19 22:28:05.000,BUY,Down,0.74,5,0,"Solana Up or Down - March 19, 6:25PM-6:30PM ET"
2026-03-19 22:28:05.000,BUY,Down,0.74,1,0,"Solana Up or Down - March 19, 6:25PM-6:30PM ET"
2026-03-19 22:28:03.000,BUY,Down,0.74,1,0,"Solana Up or Down - March 19, 6:25PM-6:30PM ET"
2026-03-19 22:28:03.000,BUY,Down,0.74,3,0,"Solana Up or Down - March 19, 6:25PM-6:30PM ET"
2026-03-19 22:28:03.000,BUY,Down,0.74,5,0,"Solana Up or Down - March 19, 6:25PM-6:30PM ET"
2026-03-19 22:28:03.000,BUY,Down,0.74,5,0,"Solana Up or Down - March 19, 6:25PM-6:30PM ET"
2026-03-19 22:28:03.000,BUY,Up,0.33,49.27,0,"Bitcoin Up or Down - March 19, 6:25PM-6:30PM ET"
2026-03-19 22:28:03.000,BUY,Up,0.33,0.73,0,"Bitcoin Up or Down - March 19, 6:25PM-6:30PM ET"
2026-03-19 22:28:01.000,BUY,Up,0.34,50,0,"Bitcoin Up or Down - March 19, 6:25PM-6:30PM ET"
2026-03-19 22:27:57.000,BUY,Up,0.34,50,0,"Bitcoin Up or Down - March 19, 6:25PM-6:30PM ET"
2026-03-19 22:27:53.000,BUY,Up,0.25,6.67,0,"Solana Up or Down - March 19, 6:25PM-6:30PM ET"
2026-03-19 22:27:45.000,BUY,Down,0.72,14,0,"Solana Up or Down - March 19, 6:25PM-6:30PM ET"
2026-03-19 22:27:41.000,BUY,Up,0.26,12.23,0,"Solana Up or Down - March 19, 6:25PM-6:30PM ET"
2026-03-19 22:27:37.000,BUY,Up,0.27,2.36,0,"Solana Up or Down - March 19, 6:25PM-6:30PM ET"
2026-03-19 22:27:37.000,BUY,Up,0.270000026789039,1.493148,0,"Solana Up or Down - March 19, 6:25PM-6:30PM ET"
2026-03-19 22:27:31.000,BUY,Down,0.54,50,0,"Bitcoin Up or Down - March 19, 6:25PM-6:30PM ET"
2026-03-19 22:27:31.000,BUY,Down,0.39,7.07,0,"Ethereum Up or Down - March 19, 6:25PM-6:30PM ET"
2026-03-19 22:27:29.000,BUY,Down,0.39,17.76,0,"Ethereum Up or Down - March 19, 6:25PM-6:30PM ET"
2026-03-19 22:27:25.000,BUY,Down,0.54,50,0,"Bitcoin Up or Down - March 19, 6:25PM-6:30PM ET"
2026-03-19 22:27:25.000,BUY,Down,0.7,14,0,"Solana Up or Down - March 19, 6:25PM-6:30PM ET"
2026-03-19 22:27:23.000,BUY,Up,0.45,1.81818,0,"Bitcoin Up or Down - March 19, 6:25PM-6:30PM ET"
2026-03-19 22:27:23.000,BUY,Up,0.45,41,0,"Bitcoin Up or Down - March 19, 6:25PM-6:30PM ET"
2026-03-19 22:27:21.000,BUY,Down,0.54,4.38,0,"Bitcoin Up or Down - March 19, 6:25PM-6:30PM ET"
2026-03-19 22:27:21.000,BUY,Down,0.54,9.35,0,"Bitcoin Up or Down - March 19, 6:25PM-6:30PM ET"
2026-03-19 22:27:21.000,BUY,Down,0.5400002392001149,2.173912,0,"Bitcoin Up or Down - March 19, 6:25PM-6:30PM ET"
2026-03-19 22:27:21.000,BUY,Down,0.540000059116482,5.413042,0,"Bitcoin Up or Down - March 19, 6:25PM-6:30PM ET"
2026-03-19 22:27:19.000,BUY,Up,0.27000000684375103,8.767122,0,"Solana Up or Down - March 19, 6:25PM-6:30PM ET"
2026-03-19 22:27:17.000,BUY,Up,0.45,1.81818,0,"Bitcoin Up or Down - March 19, 6:25PM-6:30PM ET"
2026-03-19 22:27:17.000,BUY,Up,0.2800001440004032,1.388885,0,"Solana Up or Down - March 19, 6:25PM-6:30PM ET"
2026-03-19 22:27:17.000,BUY,Up,0.45,12.84,0,"Bitcoin Up or Down - March 19, 6:25PM-6:30PM ET"
2026-03-19 22:27:17.000,BUY,Up,0.2800001440004032,1.388885,0,"Solana Up or Down - March 19, 6:25PM-6:30PM ET"
2026-03-19 22:27:17.000,BUY,Up,0.27000018980014046,1.369862,0,"Solana Up or Down - March 19, 6:25PM-6:30PM ET"
2026-03-19 22:27:17.000,BUY,Up,0.45,35.34,0,"Bitcoin Up or Down - March 19, 6:25PM-6:30PM ET"
2026-03-19 22:27:17.000,BUY,Down,0.54,1,0,"Bitcoin Up or Down - March 19, 6:25PM-6:30PM ET"
2026-03-19 22:27:17.000,BUY,Down,0.54,5,0,"Bitcoin Up or Down - March 19, 6:25PM-6:30PM ET"
2026-03-19 22:27:17.000,BUY,Down,0.54,5,0,"Bitcoin Up or Down - March 19, 6:25PM-6:30PM ET"
2026-03-19 22:27:15.000,BUY,Up,0.2800001440004032,1.388885,0,"Solana Up or Down - March 19, 6:25PM-6:30PM ET"
2026-03-19 22:27:15.000,BUY,Down,0.54,5,0,"Bitcoin Up or Down - March 19, 6:25PM-6:30PM ET"
2026-03-19 22:27:15.000,BUY,Down,0.54,5,0,"Bitcoin Up or Down - March 19, 6:25PM-6:30PM ET"
2026-03-19 22:27:15.000,BUY,Down,0.54,5,0,"Bitcoin Up or Down - March 19, 6:25PM-6:30PM ET"
2026-03-19 22:27:15.000,BUY,Down,0.54,5,0,"Bitcoin Up or Down - March 19, 6:25PM-6:30PM ET"
2026-03-19 22:27:15.000,BUY,Down,0.54,5,0,"Bitcoin Up or Down - March 19, 6:25PM-6:30PM ET"
2026-03-19 22:27:15.000,BUY,Down,0.54,5,0,"Bitcoin Up or Down - March 19, 6:25PM-6:30PM ET"
2026-03-19 22:27:15.000,BUY,Down,0.54,5,0,"Bitcoin Up or Down - March 19, 6:25PM-6:30PM ET"
2026-03-19 22:27:15.000,BUY,Down,0.53,50,0,"Bitcoin Up or Down - March 19, 6:25PM-6:30PM ET"
2026-03-19 22:27:15.000,BUY,Up,0.45,8.1,0,"Bitcoin Up or Down - March 19, 6:25PM-6:30PM ET"
2026-03-19 22:27:15.000,BUY,Up,0.45,8,0,"Bitcoin Up or Down - March 19, 6:25PM-6:30PM ET"
2026-03-19 22:27:15.000,BUY,Down,0.54,50,0,"Bitcoin Up or Down - March 19, 6:25PM-6:30PM ET"
2026-03-19 22:27:13.000,BUY,Up,0.28,3,0,"Solana Up or Down - March 19, 6:25PM-6:30PM ET"
2026-03-19 22:27:13.000,BUY,Up,0.28,1.527775,0,"Solana Up or Down - March 19, 6:25PM-6:30PM ET"
2026-03-19 22:27:13.000,BUY,Down,0.4300000355294518,9.288069,0,"Ethereum Up or Down - March 19, 6:25PM-6:30PM ET"
2026-03-19 22:27:13.000,BUY,Down,0.45,26,0,"Ethereum Up or Down - March 19, 6:25PM-6:30PM ET"
2026-03-19 22:27:13.000,BUY,Down,0.45,9.38,0,"Ethereum Up or Down - March 19, 6:25PM-6:30PM ET"
2026-03-19 22:27:13.000,BUY,Up,0.5300000391666725,9.191488,0,"Ethereum Up or Down - March 19, 6:25PM-6:30PM ET"
2026-03-19 22:27:11.000,BUY,Up,0.52,17.1625,0,"Ethereum Up or Down - March 19, 6:25PM-6:30PM ET"
2026-03-19 22:27:11.000,BUY,Up,0.52,0.3125,0,"Ethereum Up or Down - March 19, 6:25PM-6:30PM ET"
2026-03-19 22:27:09.000,BUY,Up,0.54,26,0,"Ethereum Up or Down - March 19, 6:25PM-6:30PM ET"
2026-03-19 22:27:09.000,BUY,Up,0.36,1.5625,0,"Solana Up or Down - March 19, 6:25PM-6:30PM ET"
2026-03-19 22:27:07.000,BUY,Down,0.55,14,0,"Solana Up or Down - March 19, 6:25PM-6:30PM ET"
2026-03-19 22:26:57.000,BUY,Down,0.53,14,0,"Solana Up or Down - March 19, 6:25PM-6:30PM ET"
2026-03-19 22:26:41.000,BUY,Down,0.4,50,0,"Bitcoin Up or Down - March 19, 6:25PM-6:30PM ET"
2026-03-19 22:26:33.000,BUY,Up,0.39,14,0,"Solana Up or Down - March 19, 6:25PM-6:30PM ET"
2026-03-19 22:26:33.000,BUY,Up,0.4,5.84,0,"Solana Up or Down - March 19, 6:25PM-6:30PM ET"
2026-03-19 22:26:27.000,BUY,Up,0.37,14,0,"Solana Up or Down - March 19, 6:25PM-6:30PM ET"
2026-03-19 22:26:27.000,BUY,Up,0.59,15.83,0,"Bitcoin Up or Down - March 19, 6:25PM-6:30PM ET"
2026-03-19 22:26:27.000,BUY,Up,0.59,34.17,0,"Bitcoin Up or Down - March 19, 6:25PM-6:30PM ET"
2026-03-19 22:26:21.000,BUY,Down,0.37000002610811644,8.809521,0,"Solana Up or Down - March 19, 6:25PM-6:30PM ET"
2026-03-19 22:26:19.000,BUY,Down,0.3700000325161483,4.920632,0,"Solana Up or Down - March 19, 6:25PM-6:30PM ET"
2026-03-19 22:26:19.000,BUY,Down,0.37,6.48,0,"Solana Up or Down - March 19, 6:25PM-6:30PM ET"
2026-03-19 22:26:17.000,BUY,Down,0.37,2.5873,0,"Solana Up or Down - March 19, 6:25PM-6:30PM ET"
2026-03-19 22:26:07.000,BUY,Down,0.37,2.53,0,"Ethereum Up or Down - March 19, 6:25PM-6:30PM ET"
2026-03-19 22:26:07.000,BUY,Down,0.370000018900007,7.936505,0,"Ethereum Up or Down - March 19, 6:25PM-6:30PM ET"
2026-03-19 22:26:07.000,BUY,Down,0.37,8.94,0,"Ethereum Up or Down - March 19, 6:25PM-6:30PM ET"
2026-03-19 22:26:05.000,BUY,Down,0.37,6.59,0,"Ethereum Up or Down - March 19, 6:25PM-6:30PM ET"
2026-03-19 22:26:01.000,BUY,Up,0.53,14,0,"Solana Up or Down - March 19, 6:25PM-6:30PM ET"
2026-03-19 22:26:01.000,BUY,Up,0.54,14,0,"Solana Up or Down - March 19, 6:25PM-6:30PM ET"
2026-03-19 22:25:59.000,BUY,Down,0.4100014320492625,0.174575,0,"Ethereum Up or Down - March 19, 6:25PM-6:30PM ET"
2026-03-19 22:25:45.000,BUY,Up,0.55,14,0,"Solana Up or Down - March 19, 6:25PM-6:30PM ET"
2026-03-19 22:25:43.000,BUY,Up,0.61,16.7,0,"Bitcoin Up or Down - March 19, 6:25PM-6:30PM ET"
2026-03-19 22:25:43.000,BUY,Up,0.6100000530890258,4.897434,0,"Bitcoin Up or Down - March 19, 6:25PM-6:30PM ET"
2026-03-19 22:25:43.000,BUY,Up,0.61,4.53,0,"Bitcoin Up or Down - March 19, 6:25PM-6:30PM ET"
2026-03-19 22:25:37.000,BUY,Up,0.62,10.16,0,"Bitcoin Up or Down - March 19, 6:25PM-6:30PM ET"
2026-03-19 22:25:37.000,BUY,Up,0.6200000380000089,7.894735,0,"Bitcoin Up or Down - March 19, 6:25PM-6:30PM ET"
2026-03-19 22:25:11.000,BUY,Down,0.46,6.87,0,"Solana Up or Down - March 19, 6:25PM-6:30PM ET"
2026-03-19 22:25:11.000,BUY,Up,0.58,6.83,0,"Bitcoin Up or Down - March 19, 6:25PM-6:30PM ET"
2026-03-19 22:25:11.000,BUY,Up,0.58,43.17,0,"Bitcoin Up or Down - March 19, 6:25PM-6:30PM ET"
2026-03-19 22:25:11.000,BUY,Up,0.55,26,0,"Ethereum Up or Down - March 19, 6:25PM-6:30PM ET"
2026-03-19 22:25:11.000,BUY,Down,0.4600000168311727,7.129628,0,"Solana Up or Down - March 19, 6:25PM-6:30PM ET"
2026-03-19 22:25:09.000,BUY,Down,0.47,14,0,"Solana Up or Down - March 19, 6:25PM-6:30PM ET"
2026-03-19 22:25:09.000,BUY,Up,0.59,26,0,"Ethereum Up or Down - March 19, 6:25PM-6:30PM ET"
2026-03-19 22:25:07.000,,,0,167.187029,0,"Ethereum Up or Down - March 19, 6:15PM-6:20PM ET"
2026-03-19 22:25:07.000,,,0,261.253667,0,"Solana Up or Down - March 19, 6:15PM-6:20PM ET"
2026-03-19 22:25:07.000,,,0,305.692038,0,"Bitcoin Up or Down - March 19, 6:15PM-6:20PM ET"
2026-03-19 22:24:37.000,BUY,Down,0.96,14,0,"Solana Up or Down - March 19, 6:20PM-6:25PM ET"
2026-03-19 22:24:37.000,BUY,Down,0.97,14,0,"Solana Up or Down - March 19, 6:20PM-6:25PM ET"
2026-03-19 22:23:47.000,BUY,Down,0.94,14,0,"Solana Up or Down - March 19, 6:20PM-6:25PM ET"
2026-03-19 22:23:43.000,BUY,Down,0.92,14,0,"Solana Up or Down - March 19, 6:20PM-6:25PM ET"
2026-03-19 22:23:31.000,BUY,Up,0.04,0.08,0,"Ethereum Up or Down - March 19, 6:20PM-6:25PM ET"
2026-03-19 22:23:29.000,BUY,Up,0.04,4.9479,0,"Ethereum Up or Down - March 19, 6:20PM-6:25PM ET"
2026-03-19 22:23:29.000,BUY,Up,0.04,1.0625,0,"Ethereum Up or Down - March 19, 6:20PM-6:25PM ET"
2026-03-19 22:23:27.000,BUY,Up,0.04,19.9,0,"Ethereum Up or Down - March 19, 6:20PM-6:25PM ET"
2026-03-19 22:23:25.000,BUY,Up,0.08,4.77,0,"Bitcoin Up or Down - March 19, 6:20PM-6:25PM ET"
2026-03-19 22:23:25.000,BUY,Up,0.08,27.83,0,"Bitcoin Up or Down - March 19, 6:20PM-6:25PM ET"
2026-03-19 22:23:25.000,BUY,Up,0.08,17.3913,0,"Bitcoin Up or Down - March 19, 6:20PM-6:25PM ET"
2026-03-19 22:23:25.000,BUY,Up,0.07,50,0,"Bitcoin Up or Down - March 19, 6:20PM-6:25PM ET"
2026-03-19 22:23:23.000,BUY,Down,0.9,50,0,"Bitcoin Up or Down - March 19, 6:20PM-6:25PM ET"
2026-03-19 22:23:21.000,BUY,Up,0.08,50,0,"Bitcoin Up or Down - March 19, 6:20PM-6:25PM ET"
2026-03-19 22:23:19.000,BUY,Up,0.09,40,0,"Bitcoin Up or Down - March 19, 6:20PM-6:25PM ET"
2026-03-19 22:23:19.000,BUY,Up,0.09,4.63,0,"Bitcoin Up or Down - March 19, 6:20PM-6:25PM ET"
2026-03-19 22:23:19.000,BUY,Up,0.0900000045728689,2.186811,0,"Bitcoin Up or Down - March 19, 6:20PM-6:25PM ET"
2026-03-19 22:23:19.000,BUY,Up,0.09,2.1978,0,"Bitcoin Up or Down - March 19, 6:20PM-6:25PM ET"
2026-03-19 22:23:17.000,BUY,Up,0.09,24,0,"Bitcoin Up or Down - March 19, 6:20PM-6:25PM ET"
2026-03-19 22:23:17.000,BUY,Up,0.09,10,0,"Bitcoin Up or Down - March 19, 6:20PM-6:25PM ET"
2026-03-19 22:23:17.000,BUY,Up,0.09,0.98,0,"Bitcoin Up or Down - March 19, 6:20PM-6:25PM ET"
2026-03-19 22:23:17.000,BUY,Up,0.09,6,0,"Bitcoin Up or Down - March 19, 6:20PM-6:25PM ET"
2026-03-19 22:23:17.000,BUY,Up,0.1,7.14333,0,"Solana Up or Down - March 19, 6:20PM-6:25PM ET"
2026-03-19 22:23:17.000,BUY,Up,0.09,10,0,"Bitcoin Up or Down - March 19, 6:20PM-6:25PM ET"
2026-03-19 22:23:07.000,BUY,Up,0.2,5.5875,0,"Solana Up or Down - March 19, 6:20PM-6:25PM ET"
2026-03-19 22:23:03.000,BUY,Up,0.21,5,0,"Solana Up or Down - March 19, 6:20PM-6:25PM ET"
2026-03-19 22:23:01.000,BUY,Up,0.22,14,0,"Solana Up or Down - March 19, 6:20PM-6:25PM ET"
2026-03-19 22:23:01.000,BUY,Up,0.22,14,0,"Solana Up or Down - March 19, 6:20PM-6:25PM ET"
2026-03-19 22:22:51.000,BUY,Down,0.81,50,0,"Bitcoin Up or Down - March 19, 6:20PM-6:25PM ET"
2026-03-19 22:22:41.000,BUY,Down,0.8,50,0,"Bitcoin Up or Down - March 19, 6:20PM-6:25PM ET"
2026-03-19 22:22:41.000,BUY,Down,0.81,50,0,"Bitcoin Up or Down - March 19, 6:20PM-6:25PM ET"
2026-03-19 22:22:35.000,BUY,Up,0.25,6,0,"Solana Up or Down - March 19, 6:20PM-6:25PM ET"
2026-03-19 22:22:33.000,BUY,Up,0.25,8,0,"Solana Up or Down - March 19, 6:20PM-6:25PM ET"
2026-03-19 22:22:17.000,BUY,Up,0.16,50,0,"Bitcoin Up or Down - March 19, 6:20PM-6:25PM ET"
2026-03-19 22:22:15.000,BUY,Down,0.82,15.6,0,"Bitcoin Up or Down - March 19, 6:20PM-6:25PM ET"
2026-03-19 22:22:15.000,BUY,Down,0.820000020932938,34.395554,0,"Bitcoin Up or Down - March 19, 6:20PM-6:25PM ET"
2026-03-19 22:22:11.000,BUY,Down,0.89,3.16,0,"Ethereum Up or Down - March 19, 6:20PM-6:25PM ET"
2026-03-19 22:22:11.000,BUY,Down,0.89,22.84,0,"Ethereum Up or Down - March 19, 6:20PM-6:25PM ET"
2026-03-19 22:22:09.000,BUY,Up,0.18,50,0,"Bitcoin Up or Down - March 19, 6:20PM-6:25PM ET"
2026-03-19 22:22:03.000,BUY,Down,0.78,2.71,0,"Bitcoin Up or Down - March 19, 6:20PM-6:25PM ET"
2026-03-19 22:22:03.000,BUY,Up,0.21,50,0,"Bitcoin Up or Down - March 19, 6:20PM-6:25PM ET"
2026-03-19 22:22:03.000,BUY,Down,0.78,1.07,0,"Bitcoin Up or Down - March 19, 6:20PM-6:25PM ET"
2026-03-19 22:22:03.000,BUY,Down,0.78,12,0,"Bitcoin Up or Down - March 19, 6:20PM-6:25PM ET"
2026-03-19 22:22:01.000,BUY,Down,0.66,11.35,0,"Solana Up or Down - March 19, 6:20PM-6:25PM ET"
2026-03-19 22:21:59.000,BUY,Up,0.19,8.64,0,"Ethereum Up or Down - March 19, 6:20PM-6:25PM ET"
2026-03-19 22:21:55.000,BUY,Up,0.32,2.45,0,"Bitcoin Up or Down - March 19, 6:20PM-6:25PM ET"
2026-03-19 22:21:55.000,BUY,Up,0.32,20.88,0,"Bitcoin Up or Down - March 19, 6:20PM-6:25PM ET"
2026-03-19 22:21:55.000,BUY,Up,0.32000000960282593,16.661762,0,"Bitcoin Up or Down - March 19, 6:20PM-6:25PM ET"
2026-03-19 22:21:55.000,BUY,Up,0.32,5,0,"Bitcoin Up or Down - March 19, 6:20PM-6:25PM ET"
2026-03-19 22:21:53.000,BUY,Up,0.32,5,0,"Bitcoin Up or Down - March 19, 6:20PM-6:25PM ET"
2026-03-19 22:21:45.000,BUY,Down,0.64,13,0,"Bitcoin Up or Down - March 19, 6:20PM-6:25PM ET"
2026-03-19 22:21:45.000,BUY,Down,0.5400000396551812,7.060868,0,"Solana Up or Down - March 19, 6:20PM-6:25PM ET"
2026-03-19 22:21:45.000,BUY,Down,0.55,14,0,"Solana Up or Down - March 19, 6:20PM-6:25PM ET"
2026-03-19 22:21:45.000,BUY,Down,0.640000049968463,8.805554,0,"Bitcoin Up or Down - March 19, 6:20PM-6:25PM ET"
2026-03-19 22:21:45.000,BUY,Down,0.64,1.43,0,"Bitcoin Up or Down - March 19, 6:20PM-6:25PM ET"
2026-03-19 22:21:45.000,BUY,Down,0.64,3,0,"Bitcoin Up or Down - March 19, 6:20PM-6:25PM ET"
2026-03-19 22:21:43.000,BUY,Up,0.450000020715634,9.654544,0,"Solana Up or Down - March 19, 6:20PM-6:25PM ET"
2026-03-19 22:21:43.000,BUY,Up,0.45,1.81818,0,"Solana Up or Down - March 19, 6:20PM-6:25PM ET"
2026-03-19 22:21:41.000,BUY,Up,0.45,1.81818,0,"Solana Up or Down - March 19, 6:20PM-6:25PM ET"
2026-03-19 22:21:35.000,BUY,Down,0.66,6.44,0,"Solana Up or Down - March 19, 6:20PM-6:25PM ET"
2026-03-19 22:21:35.000,BUY,Down,0.66,4.41,0,"Solana Up or Down - March 19, 6:20PM-6:25PM ET"
2026-03-19 22:21:17.000,BUY,Down,0.57,6.68,0,"Solana Up or Down - March 19, 6:20PM-6:25PM ET"
2026-03-19 22:21:15.000,BUY,Up,0.42,14,0,"Solana Up or Down - March 19, 6:20PM-6:25PM ET"
2026-03-19 22:21:11.000,BUY,Up,0.47,5,0,"Ethereum Up or Down - March 19, 6:20PM-6:25PM ET"
2026-03-19 22:21:11.000,BUY,Up,0.47,5,0,"Ethereum Up or Down - March 19, 6:20PM-6:25PM ET"
2026-03-19 22:21:11.000,BUY,Up,0.47,5,0,"Ethereum Up or Down - March 19, 6:20PM-6:25PM ET"
2026-03-19 22:21:11.000,BUY,Up,0.47,5,0,"Ethereum Up or Down - March 19, 6:20PM-6:25PM ET"
2026-03-19 22:21:11.000,BUY,Up,0.47,1,0,"Ethereum Up or Down - March 19, 6:20PM-6:25PM ET"
2026-03-19 22:21:09.000,BUY,Up,0.47,5,0,"Ethereum Up or Down - March 19, 6:20PM-6:25PM ET"
2026-03-19 22:21:07.000,BUY,Down,0.57,14,0,"Solana Up or Down - March 19, 6:20PM-6:25PM ET"
2026-03-19 22:21:05.000,BUY,Up,0.49,0.44,0,"Ethereum Up or Down - March 19, 6:20PM-6:25PM ET"
2026-03-19 22:20:55.000,BUY,Up,0.42,0.62,0,"Bitcoin Up or Down - March 19, 6:20PM-6:25PM ET"
2026-03-19 22:20:55.000,BUY,Up,0.42,5.47,0,"Bitcoin Up or Down - March 19, 6:20PM-6:25PM ET"
2026-03-19 22:20:51.000,BUY,Up,0.44,0.69,0,"Bitcoin Up or Down - March 19, 6:20PM-6:25PM ET"
2026-03-19 22:20:51.000,BUY,Up,0.4400000973913721,4.10714,0,"Bitcoin Up or Down - March 19, 6:20PM-6:25PM ET"
2026-03-19 22:20:51.000,BUY,Up,0.4400000693805531,4.035713,0,"Bitcoin Up or Down - March 19, 6:20PM-6:25PM ET"
2026-03-19 22:20:51.000,BUY,Up,0.4400001568001129,1.785713,0,"Bitcoin Up or Down - March 19, 6:20PM-6:25PM ET"
2026-03-19 22:20:49.000,BUY,Up,0.44,17.54,0,"Bitcoin Up or Down - March 19, 6:20PM-6:25PM ET"
2026-03-19 22:20:47.000,BUY,Down,0.47,26,0,"Ethereum Up or Down - March 19, 6:20PM-6:25PM ET"
2026-03-19 22:20:47.000,BUY,Down,0.46,0.48,0,"Ethereum Up or Down - March 19, 6:20PM-6:25PM ET"
2026-03-19 22:20:47.000,BUY,Down,0.46,25.52,0,"Ethereum Up or Down - March 19, 6:20PM-6:25PM ET"
2026-03-19 22:20:43.000,BUY,Down,0.59,4,0,"Solana Up or Down - March 19, 6:20PM-6:25PM ET"
2026-03-19 22:20:43.000,BUY,Down,0.58,5,0,"Solana Up or Down - March 19, 6:20PM-6:25PM ET"
2026-03-19 22:20:43.000,BUY,Down,0.58,5,0,"Solana Up or Down - March 19, 6:20PM-6:25PM ET"
2026-03-19 22:20:43.000,BUY,Down,0.58,3.41,0,"Solana Up or Down - March 19, 6:20PM-6:25PM ET"
2026-03-19 22:20:43.000,BUY,Down,0.59,5,0,"Solana Up or Down - March 19, 6:20PM-6:25PM ET"
2026-03-19 22:20:43.000,BUY,Down,0.59,5,0,"Solana Up or Down - March 19, 6:20PM-6:25PM ET"
2026-03-19 22:20:35.000,BUY,Down,0.54,15.76,0,"Ethereum Up or Down - March 19, 6:20PM-6:25PM ET"
2026-03-19 22:20:35.000,BUY,Down,0.63,20.15,0,"Bitcoin Up or Down - March 19, 6:20PM-6:25PM ET"
2026-03-19 22:20:35.000,BUY,Down,0.63,2.81,0,"Bitcoin Up or Down - March 19, 6:20PM-6:25PM ET"
2026-03-19 22:20:35.000,BUY,Down,0.6300000325600037,13.513512,0,"Bitcoin Up or Down - March 19, 6:20PM-6:25PM ET"
2026-03-19 22:20:35.000,BUY,Down,0.6300000325600037,13.513512,0,"Bitcoin Up or Down - March 19, 6:20PM-6:25PM ET"
2026-03-19 22:20:35.000,BUY,Down,0.54,10.24,0,"Ethereum Up or Down - March 19, 6:20PM-6:25PM ET"
2026-03-19 22:20:33.000,BUY,Up,0.45,12,0,"Ethereum Up or Down - March 19, 6:20PM-6:25PM ET"
2026-03-19 22:20:33.000,BUY,Up,0.45,9.76,0,"Ethereum Up or Down - March 19, 6:20PM-6:25PM ET"
2026-03-19 22:20:33.000,BUY,Up,0.4500000447154799,2.236362,0,"Ethereum Up or Down - March 19, 6:20PM-6:25PM ET"
2026-03-19 22:20:33.000,BUY,Up,0.45,2,0,"Ethereum Up or Down - March 19, 6:20PM-6:25PM ET"
2026-03-19 22:20:27.000,BUY,Up,0.5500002025001114,2.222221,0,"Bitcoin Up or Down - March 19, 6:20PM-6:25PM ET"
2026-03-19 22:20:27.000,BUY,Up,0.5500000450000045,11.11111,0,"Bitcoin Up or Down - March 19, 6:20PM-6:25PM ET"
2026-03-19 22:20:27.000,BUY,Up,0.55,1.47,0,"Bitcoin Up or Down - March 19, 6:20PM-6:25PM ET"
2026-03-19 22:20:27.000,BUY,Up,0.5500002025001114,2.222221,0,"Bitcoin Up or Down - March 19, 6:20PM-6:25PM ET"
2026-03-19 22:20:25.000,BUY,Up,0.51,14,0,"Solana Up or Down - March 19, 6:20PM-6:25PM ET"
2026-03-19 22:20:21.000,BUY,Up,0.55,26,0,"Ethereum Up or Down - March 19, 6:20PM-6:25PM ET"
2026-03-19 22:20:19.000,BUY,Up,0.51,4,0,"Solana Up or Down - March 19, 6:20PM-6:25PM ET"
2026-03-19 22:20:17.000,BUY,Up,0.55,14,0,"Solana Up or Down - March 19, 6:20PM-6:25PM ET"
2026-03-19 22:20:17.000,BUY,Up,0.55,5,0,"Solana Up or Down - March 19, 6:20PM-6:25PM ET"
2026-03-19 22:20:17.000,BUY,Up,0.55,9,0,"Solana Up or Down - March 19, 6:20PM-6:25PM ET"
2026-03-19 22:20:17.000,BUY,Up,0.54,13.34,0,"Solana Up or Down - March 19, 6:20PM-6:25PM ET"
2026-03-19 22:20:13.000,BUY,Up,0.5300001222000904,2.127658,0,"Solana Up or Down - March 19, 6:20PM-6:25PM ET"
2026-03-19 22:20:13.000,BUY,Up,0.5300000858883528,4.191488,0,"Solana Up or Down - March 19, 6:20PM-6:25PM ET"
2026-03-19 22:20:13.000,BUY,Up,0.5200000818957594,4.395832,0,"Solana Up or Down - March 19, 6:20PM-6:25PM ET"
2026-03-19 22:20:11.000,BUY,Up,0.6100000542085076,6.641024,0,"Ethereum Up or Down - March 19, 6:20PM-6:25PM ET"
2026-03-19 22:20:11.000,BUY,Down,0.45,7,0,"Solana Up or Down - March 19, 6:20PM-6:25PM ET"
2026-03-19 22:20:09.000,BUY,Down,0.520000124095268,1.611665,0,"Solana Up or Down - March 19, 6:20PM-6:25PM ET"
2026-03-19 22:20:09.000,BUY,Down,0.51,14,0,"Solana Up or Down - March 19, 6:20PM-6:25PM ET"
2026-03-19 22:20:09.000,BUY,Down,0.52,10,0,"Solana Up or Down - March 19, 6:20PM-6:25PM ET"
2026-03-19 22:20:09.000,BUY,Down,0.4,14,0,"Ethereum Up or Down - March 19, 6:20PM-6:25PM ET"
2026-03-19 22:20:09.000,BUY,Down,0.52,2.38,0,"Solana Up or Down - March 19, 6:20PM-6:25PM ET"
2026-03-19 22:20:09.000,BUY,Down,0.4,12,0,"Ethereum Up or Down - March 19, 6:20PM-6:25PM ET"
2026-03-19 22:20:09.000,BUY,Down,0.4400000074675203,37.495713,0,"Bitcoin Up or Down - March 19, 6:20PM-6:25PM ET"
2026-03-19 22:20:09.000,BUY,Down,0.44,12.5,0,"Bitcoin Up or Down - March 19, 6:20PM-6:25PM ET"
2026-03-19 22:20:07.000,,,0,167.083172,0,"Solana Up or Down - March 19, 6:10PM-6:15PM ET"
2026-03-19 22:20:07.000,,,0,232.480429,0,"Bitcoin Up or Down - March 19, 6:10PM-6:15PM ET"
2026-03-19 22:20:07.000,,,0,111.911311,0,"Ethereum Up or Down - March 19, 6:10PM-6:15PM ET"
2026-03-19 22:20:05.000,BUY,Down,0.44,48.21,0,"Bitcoin Up or Down - March 19, 6:15PM-6:20PM ET"
2026-03-19 22:20:05.000,BUY,Up,0.7,14,0,"Solana Up or Down - March 19, 6:15PM-6:20PM ET"
2026-03-19 22:20:05.000,BUY,Up,0.72,14,0,"Solana Up or Down - March 19, 6:15PM-6:20PM ET"
2026-03-19 22:19:59.000,BUY,Down,0.41,50,0,"Bitcoin Up or Down - March 19, 6:15PM-6:20PM ET"
2026-03-19 22:19:57.000,BUY,Down,0.4400001568001129,1.785713,0,"Bitcoin Up or Down - March 19, 6:15PM-6:20PM ET"
2026-03-19 22:19:57.000,BUY,Down,0.44,46.45,0,"Bitcoin Up or Down - March 19, 6:15PM-6:20PM ET"
2026-03-19 22:19:57.000,BUY,Down,0.45,16.29,0,"Bitcoin Up or Down - March 19, 6:15PM-6:20PM ET"
2026-03-19 22:19:57.000,BUY,Down,0.45000005689656547,5.272726,0,"Bitcoin Up or Down - March 19, 6:15PM-6:20PM ET"
2026-03-19 22:19:57.000,BUY,Down,0.45,50,0,"Bitcoin Up or Down - March 19, 6:15PM-6:20PM ET"
2026-03-19 22:19:55.000,BUY,Up,0.8,14,0,"Solana Up or Down - March 19, 6:15PM-6:20PM ET"
2026-03-19 22:19:55.000,BUY,Down,0.42,32.75,0,"Bitcoin Up or Down - March 19, 6:15PM-6:20PM ET"
2026-03-19 22:19:55.000,BUY,Down,0.4200000139200011,17.241378,0,"Bitcoin Up or Down - March 19, 6:15PM-6:20PM ET"
2026-03-19 22:19:55.000,BUY,Down,0.44,3.55,0,"Bitcoin Up or Down - March 19, 6:15PM-6:20PM ET"
2026-03-19 22:19:53.000,BUY,Up,0.92,14,0,"Solana Up or Down - March 19, 6:15PM-6:20PM ET"
2026-03-19 22:19:51.000,BUY,Up,0.79,2,0,"Solana Up or Down - March 19, 6:15PM-6:20PM ET"
2026-03-19 22:19:51.000,BUY,Down,0.62,2.24,0,"Bitcoin Up or Down - March 19, 6:15PM-6:20PM ET"
2026-03-19 22:19:51.000,BUY,Down,0.25,0.228132,0,"Solana Up or Down - March 19, 6:15PM-6:20PM ET"
2026-03-19 22:19:49.000,BUY,Up,0.15,12,0,"Bitcoin Up or Down - March 19, 6:15PM-6:20PM ET"
2026-03-19 22:19:49.000,BUY,Up,0.97,26,0,"Ethereum Up or Down - March 19, 6:15PM-6:20PM ET"
2026-03-19 22:19:49.000,BUY,Down,0.27,8.72,0,"Solana Up or Down - March 19, 6:15PM-6:20PM ET"
2026-03-19 22:19:49.000,BUY,Down,0.25,6.12,0,"Solana Up or Down - March 19, 6:15PM-6:20PM ET"
2026-03-19 22:19:49.000,BUY,Down,0.26,14,0,"Solana Up or Down - March 19, 6:15PM-6:20PM ET"
2026-03-19 22:19:49.000,BUY,Up,0.15,25,0,"Bitcoin Up or Down - March 19, 6:15PM-6:20PM ET"
2026-03-19 22:19:49.000,BUY,Up,0.15,13,0,"Bitcoin Up or Down - March 19, 6:15PM-6:20PM ET"
2026-03-19 22:19:47.000,BUY,Down,0.9100000796618685,11.172221,0,"Bitcoin Up or Down - March 19, 6:15PM-6:20PM ET"
2026-03-19 22:19:47.000,BUY,Down,0.61,14,0,"Solana Up or Down - March 19, 6:15PM-6:20PM ET"
2026-03-19 22:19:47.000,BUY,Down,0.62,7.42,0,"Solana Up or Down - March 19, 6:15PM-6:20PM ET"
2026-03-19 22:19:47.000,BUY,Down,0.6200000729600151,6.578946,0,"Solana Up or Down - March 19, 6:15PM-6:20PM ET"
2026-03-19 22:19:47.000,BUY,Up,0.36,9.734375,0,"Solana Up or Down - March 19, 6:15PM-6:20PM ET"
2026-03-19 22:19:47.000,BUY,Up,0.33,6.63,0,"Solana Up or Down - March 19, 6:15PM-6:20PM ET"
2026-03-19 22:19:45.000,BUY,Down,0.07,5,0,"Ethereum Up or Down - March 19, 6:15PM-6:20PM ET"
2026-03-19 22:19:45.000,BUY,Down,0.68,5.06,0,"Solana Up or Down - March 19, 6:15PM-6:20PM ET"
2026-03-19 22:19:45.000,BUY,Down,0.67,14,0,"Solana Up or Down - March 19, 6:15PM-6:20PM ET"
2026-03-19 22:19:45.000,BUY,Up,0.32,2.9,0,"Solana Up or Down - March 19, 6:15PM-6:20PM ET"
2026-03-19 22:19:45.000,BUY,Up,0.08,39.42,0,"Bitcoin Up or Down - March 19, 6:15PM-6:20PM ET"
2026-03-19 22:19:45.000,BUY,Down,0.07,0.35,0,"Ethereum Up or Down - March 19, 6:15PM-6:20PM ET"
2026-03-19 22:19:45.000,BUY,Up,0.08,10.58,0,"Bitcoin Up or Down - March 19, 6:15PM-6:20PM ET"
2026-03-19 22:19:45.000,BUY,Down,0.07,15,0,"Ethereum Up or Down - March 19, 6:15PM-6:20PM ET"
2026-03-19 22:19:45.000,BUY,Down,0.07,5.65,0,"Ethereum Up or Down - March 19, 6:15PM-6:20PM ET"
2026-03-19 22:19:43.000,BUY,Down,0.68,8.94,0,"Solana Up or Down - March 19, 6:15PM-6:20PM ET"
2026-03-19 22:19:43.000,BUY,Up,0.9,7.91,0,"Ethereum Up or Down - March 19, 6:15PM-6:20PM ET"
2026-03-19 22:19:41.000,BUY,Down,0.95,20.73,0,"Bitcoin Up or Down - March 19, 6:15PM-6:20PM ET"
2026-03-19 22:19:37.000,BUY,Up,0.11,11.8,0,"Solana Up or Down - March 19, 6:15PM-6:20PM ET"
2026-03-19 22:19:33.000,BUY,Down,0.87,14,0,"Solana Up or Down - March 19, 6:15PM-6:20PM ET"
2026-03-19 22:19:33.000,BUY,Up,0.11,13.4382,0,"Solana Up or Down - March 19, 6:15PM-6:20PM ET"
2026-03-19 22:19:33.000,BUY,Up,0.12,14,0,"Solana Up or Down - March 19, 6:15PM-6:20PM ET"
2026-03-19 22:19:31.000,BUY,Down,0.86,0.5,0,"Solana Up or Down - March 19, 6:15PM-6:20PM ET"
2026-03-19 22:19:31.000,BUY,Down,0.86,7.5,0,"Solana Up or Down - March 19, 6:15PM-6:20PM ET"
2026-03-19 22:19:31.000,BUY,Up,0.42,26,0,"Ethereum Up or Down - March 19, 6:15PM-6:20PM ET"
2026-03-19 22:19:31.000,BUY,Down,0.86,14,0,"Solana Up or Down - March 19, 6:15PM-6:20PM ET"
2026-03-19 22:19:31.000,BUY,Down,0.86,5.5,0,"Solana Up or Down - March 19, 6:15PM-6:20PM ET"
2026-03-19 22:19:31.000,BUY,Down,0.86,0.5,0,"Solana Up or Down - March 19, 6:15PM-6:20PM ET"
2026-03-19 22:19:27.000,BUY,Up,0.39,26,0,"Ethereum Up or Down - March 19, 6:15PM-6:20PM ET"
2026-03-19 22:19:27.000,BUY,Up,0.4200000734667063,5.172411,0,"Ethereum Up or Down - March 19, 6:15PM-6:20PM ET"
2026-03-19 22:19:25.000,BUY,Up,0.4,16.36,0,"Ethereum Up or Down - March 19, 6:15PM-6:20PM ET"
2026-03-19 22:19:25.000,BUY,Up,0.4000000207612486,9.633332,0,"Ethereum Up or Down - March 19, 6:15PM-6:20PM ET"
2026-03-19 22:19:25.000,BUY,Down,0.580000026010932,13.071427,0,"Ethereum Up or Down - March 19, 6:15PM-6:20PM ET"
2026-03-19 22:19:19.000,BUY,Up,0.04,50,0,"Bitcoin Up or Down - March 19, 6:15PM-6:20PM ET"
2026-03-19 22:19:15.000,BUY,Down,0.8600001125490395,7.285713,0,"Solana Up or Down - March 19, 6:15PM-6:20PM ET"
2026-03-19 22:19:13.000,BUY,Up,0.1100000267000437,3.370781,0,"Solana Up or Down - March 19, 6:15PM-6:20PM ET"
2026-03-19 22:19:11.000,BUY,Up,0.11,2.45,0,"Solana Up or Down - March 19, 6:15PM-6:20PM ET"
2026-03-19 22:19:09.000,BUY,Up,0.13,5,0,"Solana Up or Down - March 19, 6:15PM-6:20PM ET"
2026-03-19 22:19:05.000,,,0,654.090909,0,"Bitcoin Up or Down - March 19, 6:15PM-6:20PM ET"
2026-03-19 22:19:05.000,BUY,Up,0.06,4.0851,0,"Bitcoin Up or Down - March 19, 6:15PM-6:20PM ET"
2026-03-19 22:19:05.000,BUY,Up,0.06,21.35,0,"Bitcoin Up or Down - March 19, 6:15PM-6:20PM ET"
2026-03-19 22:19:05.000,BUY,Up,0.1,5,0,"Solana Up or Down - March 19, 6:15PM-6:20PM ET"
2026-03-19 22:19:05.000,BUY,Up,0.1,9,0,"Solana Up or Down - March 19, 6:15PM-6:20PM ET"
2026-03-19 22:19:03.000,BUY,Up,0.11,14,0,"Solana Up or Down - March 19, 6:15PM-6:20PM ET"
2026-03-19 22:18:55.000,BUY,Up,0.08,13.62,0,"Bitcoin Up or Down - March 19, 6:15PM-6:20PM ET"
2026-03-19 22:18:55.000,BUY,Up,0.08,1.08695,0,"Bitcoin Up or Down - March 19, 6:15PM-6:20PM ET"
2026-03-19 22:18:55.000,BUY,Up,0.08,5.434775,0,"Bitcoin Up or Down - March 19, 6:15PM-6:20PM ET"
2026-03-19 22:18:49.000,BUY,Up,0.09,1.1978,0,"Solana Up or Down - March 19, 6:15PM-6:20PM ET"
2026-03-19 22:18:47.000,BUY,Down,0.9,10.72,0,"Bitcoin Up or Down - March 19, 6:15PM-6:20PM ET"
2026-03-19 22:18:47.000,BUY,Down,0.9,4.52,0,"Bitcoin Up or Down - March 19, 6:15PM-6:20PM ET"
2026-03-19 22:18:47.000,BUY,Down,0.9,34.76,0,"Bitcoin Up or Down - March 19, 6:15PM-6:20PM ET"
2026-03-19 22:18:41.000,BUY,Up,0.09,50,0,"Bitcoin Up or Down - March 19, 6:15PM-6:20PM ET"
2026-03-19 22:18:41.000,BUY,Up,0.08,50,0,"Bitcoin Up or Down - March 19, 6:15PM-6:20PM ET"
2026-03-19 22:18:35.000,BUY,Down,0.8900002151111684,4.090908,0,"Bitcoin Up or Down - March 19, 6:15PM-6:20PM ET"
2026-03-19 22:18:35.000,BUY,Down,0.89,29.74,0,"Bitcoin Up or Down - March 19, 6:15PM-6:20PM ET"
2026-03-19 22:18:33.000,BUY,Down,0.89,20.26,0,"Bitcoin Up or Down - March 19, 6:15PM-6:20PM ET"
2026-03-19 22:18:31.000,BUY,Down,0.89,50,0,"Bitcoin Up or Down - March 19, 6:15PM-6:20PM ET"
2026-03-19 22:18:31.000,BUY,Down,0.9,50,0,"Bitcoin Up or Down - March 19, 6:15PM-6:20PM ET"
2026-03-19 22:18:27.000,BUY,Up,0.07,50,0,"Bitcoin Up or Down - March 19, 6:15PM-6:20PM ET"
2026-03-19 22:18:27.000,BUY,Up,0.08,50,0,"Bitcoin Up or Down - March 19, 6:15PM-6:20PM ET"
2026-03-19 22:18:27.000,BUY,Up,0.09,50,0,"Bitcoin Up or Down - March 19, 6:15PM-6:20PM ET"
2026-03-19 22:18:23.000,BUY,Down,0.89,50,0,"Bitcoin Up or Down - March 19, 6:15PM-6:20PM ET"
2026-03-19 22:18:23.000,BUY,Down,0.9,50,0,"Bitcoin Up or Down - March 19, 6:15PM-6:20PM ET"
2026-03-19 22:18:19.000,BUY,Up,0.08,50,0,"Bitcoin Up or Down - March 19, 6:15PM-6:20PM ET"
2026-03-19 22:18:17.000,BUY,Up,0.08,5,0,"Solana Up or Down - March 19, 6:15PM-6:20PM ET"
2026-03-19 22:18:15.000,BUY,Up,0.08,50,0,"Bitcoin Up or Down - March 19, 6:15PM-6:20PM ET"
2026-03-19 22:18:15.000,BUY,Up,0.08,1.08695,0,"Solana Up or Down - March 19, 6:15PM-6:20PM ET"
2026-03-19 22:18:15.000,BUY,Down,0.88,50,0,"Bitcoin Up or Down - March 19, 6:15PM-6:20PM ET"
2026-03-19 22:18:15.000,BUY,Down,0.89,50,0,"Bitcoin Up or Down - March 19, 6:15PM-6:20PM ET"
2026-03-19 22:18:11.000,BUY,Down,0.89,14,0,"Solana Up or Down - March 19, 6:15PM-6:20PM ET"
2026-03-19 22:18:11.000,BUY,Up,0.09,50,0,"Bitcoin Up or Down - March 19, 6:15PM-6:20PM ET"
2026-03-19 22:18:07.000,BUY,Down,0.87,50,0,"Bitcoin Up or Down - March 19, 6:15PM-6:20PM ET"
2026-03-19 22:18:05.000,BUY,Up,0.11,50,0,"Bitcoin Up or Down - March 19, 6:15PM-6:20PM ET"
2026-03-19 22:18:03.000,BUY,Up,0.1,50,0,"Bitcoin Up or Down - March 19, 6:15PM-6:20PM ET"
2026-03-19 22:18:01.000,,,0,516.572509,0,"Bitcoin Up or Down - March 19, 6:15PM-6:20PM ET"
2026-03-19 22:17:59.000,BUY,Down,0.88,41,0,"Bitcoin Up or Down - March 19, 6:15PM-6:20PM ET"
2026-03-19 22:17:59.000,BUY,Down,0.88,9,0,"Bitcoin Up or Down - March 19, 6:15PM-6:20PM ET"
2026-03-19 22:17:59.000,BUY,Down,0.88,50,0,"Bitcoin Up or Down - March 19, 6:15PM-6:20PM ET"
2026-03-19 22:17:55.000,BUY,Up,0.08,50,0,"Bitcoin Up or Down - March 19, 6:15PM-6:20PM ET"
2026-03-19 22:17:53.000,BUY,Down,0.89,50,0,"Bitcoin Up or Down - March 19, 6:15PM-6:20PM ET"
2026-03-19 22:17:51.000,BUY,Down,0.89,50,0,"Bitcoin Up or Down - March 19, 6:15PM-6:20PM ET"
2026-03-19 22:17:49.000,BUY,Up,0.07,50,0,"Bitcoin Up or Down - March 19, 6:15PM-6:20PM ET"
2026-03-19 22:17:47.000,BUY,Down,0.92,9.72,0,"Solana Up or Down - March 19, 6:15PM-6:20PM ET"
2026-03-19 22:17:47.000,BUY,Down,0.92,0.845,0,"Solana Up or Down - March 19, 6:15PM-6:20PM ET"
2026-03-19 22:17:39.000,BUY,Down,0.92,26,0,"Ethereum Up or Down - March 19, 6:15PM-6:20PM ET"
2026-03-19 22:17:37.000,BUY,Up,0.09,39.81,0,"Bitcoin Up or Down - March 19, 6:15PM-6:20PM ET"
2026-03-19 22:17:37.000,BUY,Up,0.09,1.0989,0,"Bitcoin Up or Down - March 19, 6:15PM-6:20PM ET"
2026-03-19 22:17:37.000,BUY,Up,0.09000000550348343,9.085155,0,"Bitcoin Up or Down - March 19, 6:15PM-6:20PM ET"
2026-03-19 22:17:35.000,BUY,Up,0.09,26.08,0,"Bitcoin Up or Down - March 19, 6:15PM-6:20PM ET"
2026-03-19 22:17:35.000,BUY,Up,0.09,23.92,0,"Bitcoin Up or Down - March 19, 6:15PM-6:20PM ET"
2026-03-19 22:17:33.000,BUY,Down,0.9,8.43,0,"Solana Up or Down - March 19, 6:15PM-6:20PM ET"
2026-03-19 22:17:31.000,BUY,Up,0.09,10.06,0,"Solana Up or Down - March 19, 6:15PM-6:20PM ET"
2026-03-19 22:17:31.000,BUY,Up,0.08000000391489527,10.217387,0,"Ethereum Up or Down - March 19, 6:15PM-6:20PM ET"
2026-03-19 22:17:31.000,BUY,Up,0.08000000957736983,4.176512,0,"Ethereum Up or Down - March 19, 6:15PM-6:20PM ET"
2026-03-19 22:17:31.000,BUY,Up,0.08000000411633292,9.717387,0,"Ethereum Up or Down - March 19, 6:15PM-6:20PM ET"
2026-03-19 22:17:25.000,BUY,Up,0.12000000818605595,4.886358,0,"Solana Up or Down - March 19, 6:15PM-6:20PM ET"
2026-03-19 22:17:25.000,BUY,Up,0.12,2.272725,0,"Solana Up or Down - March 19, 6:15PM-6:20PM ET"
2026-03-19 22:17:25.000,BUY,Up,0.12,6.83,0,"Solana Up or Down - March 19, 6:15PM-6:20PM ET"
2026-03-19 22:17:23.000,BUY,Down,0.8600001176000188,7.142856,0,"Bitcoin Up or Down - March 19, 6:15PM-6:20PM ET"
2026-03-19 22:17:23.000,BUY,Down,0.8600002497876805,3.362856,0,"Bitcoin Up or Down - March 19, 6:15PM-6:20PM ET"
2026-03-19 22:17:23.000,BUY,Down,0.8600000574000052,14.285713,0,"Bitcoin Up or Down - March 19, 6:15PM-6:20PM ET"
2026-03-19 22:17:23.000,BUY,Down,0.8600001176000188,7.142856,0,"Bitcoin Up or Down - March 19, 6:15PM-6:20PM ET"
2026-03-19 22:17:23.000,BUY,Down,0.8600001176000188,7.142856,0,"Bitcoin Up or Down - March 19, 6:15PM-6:20PM ET"
2026-03-19 22:17:21.000,BUY,Up,0.12,50,0,"Bitcoin Up or Down - March 19, 6:15PM-6:20PM ET"
2026-03-19 22:17:19.000,BUY,Down,0.86,38.09,0,"Bitcoin Up or Down - March 19, 6:15PM-6:20PM ET"
2026-03-19 22:17:19.000,BUY,Down,0.86,11.91,0,"Bitcoin Up or Down - March 19, 6:15PM-6:20PM ET"
2026-03-19 22:17:17.000,BUY,Up,0.13,6.6,0,"Solana Up or Down - March 19, 6:15PM-6:20PM ET"
2026-03-19 22:17:17.000,BUY,Up,0.13000004971463797,0.804592,0,"Solana Up or Down - March 19, 6:15PM-6:20PM ET"
2026-03-19 22:17:17.000,BUY,Up,0.13000000377440674,5.298846,0,"Solana Up or Down - March 19, 6:15PM-6:20PM ET"
2026-03-19 22:17:17.000,BUY,Up,0.13000007022433555,1.281607,0,"Solana Up or Down - March 19, 6:15PM-6:20PM ET"
2026-03-19 22:17:13.000,BUY,Down,0.84,14,0,"Solana Up or Down - March 19, 6:15PM-6:20PM ET"
2026-03-19 22:17:13.000,BUY,Down,0.85,14,0,"Solana Up or Down - March 19, 6:15PM-6:20PM ET"
2026-03-19 22:17:11.000,BUY,Up,0.1,50,0,"Bitcoin Up or Down - March 19, 6:15PM-6:20PM ET"
2026-03-19 22:17:11.000,BUY,Up,0.1,17.06,0,"Bitcoin Up or Down - March 19, 6:15PM-6:20PM ET"
2026-03-19 22:17:11.000,BUY,Up,0.1,20.7,0,"Bitcoin Up or Down - March 19, 6:15PM-6:20PM ET"
2026-03-19 22:17:11.000,BUY,Up,0.1,11.11111,0,"Bitcoin Up or Down - March 19, 6:15PM-6:20PM ET"
2026-03-19 22:17:11.000,BUY,Up,0.1,1.11111,0,"Bitcoin Up or Down - March 19, 6:15PM-6:20PM ET"
2026-03-19 22:17:11.000,BUY,Up,0.1,50,0,"Bitcoin Up or Down - March 19, 6:15PM-6:20PM ET"
2026-03-19 22:17:07.000,BUY,Up,0.11,7.77,0,"Bitcoin Up or Down - March 19, 6:15PM-6:20PM ET"
2026-03-19 22:17:07.000,BUY,Up,0.11,11.1,0,"Bitcoin Up or Down - March 19, 6:15PM-6:20PM ET"
2026-03-19 22:17:31.000,BUY,Up,0.09,10.06,0,"Solana Up or Down - March 19, 6:15PM-6:20PM ET"
2026-03-19 22:17:31.000,BUY,Up,0.08000000391489527,10.217387,0,"Ethereum Up or Down - March 19, 6:15PM-6:20PM ET"
2026-03-19 22:17:31.000,BUY,Up,0.08000000957736983,4.176512,0,"Ethereum Up or Down - March 19, 6:15PM-6:20PM ET"
2026-03-19 22:17:31.000,BUY,Up,0.08000000411633292,9.717387,0,"Ethereum Up or Down - March 19, 6:15PM-6:20PM ET"
2026-03-19 22:17:25.000,BUY,Up,0.12000000818605595,4.886358,0,"Solana Up or Down - March 19, 6:15PM-6:20PM ET"
2026-03-19 22:17:25.000,BUY,Up,0.12,2.272725,0,"Solana Up or Down - March 19, 6:15PM-6:20PM ET"
2026-03-19 22:17:25.000,BUY,Up,0.12,6.83,0,"Solana Up or Down - March 19, 6:15PM-6:20PM ET"
2026-03-19 22:17:23.000,BUY,Down,0.8600001176000188,7.142856,0,"Bitcoin Up or Down - March 19, 6:15PM-6:20PM ET"
2026-03-19 22:17:23.000,BUY,Down,0.8600002497876805,3.362856,0,"Bitcoin Up or Down - March 19, 6:15PM-6:20PM ET"
2026-03-19 22:17:23.000,BUY,Down,0.8600000574000052,14.285713,0,"Bitcoin Up or Down - March 19, 6:15PM-6:20PM ET"
2026-03-19 22:17:23.000,BUY,Down,0.8600001176000188,7.142856,0,"Bitcoin Up or Down - March 19, 6:15PM-6:20PM ET"
2026-03-19 22:17:23.000,BUY,Down,0.8600001176000188,7.142856,0,"Bitcoin Up or Down - March 19, 6:15PM-6:20PM ET"
2026-03-19 22:17:21.000,BUY,Up,0.12,50,0,"Bitcoin Up or Down - March 19, 6:15PM-6:20PM ET"
2026-03-19 22:17:19.000,BUY,Down,0.86,38.09,0,"Bitcoin Up or Down - March 19, 6:15PM-6:20PM ET"
2026-03-19 22:17:19.000,BUY,Down,0.86,11.91,0,"Bitcoin Up or Down - March 19, 6:15PM-6:20PM ET"
2026-03-19 22:17:17.000,BUY,Up,0.13,6.6,0,"Solana Up or Down - March 19, 6:15PM-6:20PM ET"
2026-03-19 22:17:17.000,BUY,Up,0.13000004971463797,0.804592,0,"Solana Up or Down - March 19, 6:15PM-6:20PM ET"
2026-03-19 22:17:17.000,BUY,Up,0.13000000377440674,5.298846,0,"Solana Up or Down - March 19, 6:15PM-6:20PM ET"
2026-03-19 22:17:17.000,BUY,Up,0.13000007022433555,1.281607,0,"Solana Up or Down - March 19, 6:15PM-6:20PM ET"
2026-03-19 22:17:13.000,BUY,Down,0.84,14,0,"Solana Up or Down - March 19, 6:15PM-6:20PM ET"
2026-03-19 22:17:13.000,BUY,Down,0.85,14,0,"Solana Up or Down - March 19, 6:15PM-6:20PM ET"
2026-03-19 22:17:11.000,BUY,Up,0.1,50,0,"Bitcoin Up or Down - March 19, 6:15PM-6:20PM ET"
2026-03-19 22:17:11.000,BUY,Up,0.1,17.06,0,"Bitcoin Up or Down - March 19, 6:15PM-6:20PM ET"
2026-03-19 22:17:11.000,BUY,Up,0.1,20.7,0,"Bitcoin Up or Down - March 19, 6:15PM-6:20PM ET"
2026-03-19 22:17:11.000,BUY,Up,0.1,11.11111,0,"Bitcoin Up or Down - March 19, 6:15PM-6:20PM ET"
2026-03-19 22:17:11.000,BUY,Up,0.1,1.11111,0,"Bitcoin Up or Down - March 19, 6:15PM-6:20PM ET"
2026-03-19 22:17:11.000,BUY,Up,0.1,50,0,"Bitcoin Up or Down - March 19, 6:15PM-6:20PM ET"
2026-03-19 22:17:07.000,BUY,Up,0.11,7.77,0,"Bitcoin Up or Down - March 19, 6:15PM-6:20PM ET"
2026-03-19 22:17:07.000,BUY,Up,0.11,11.1,0,"Bitcoin Up or Down - March 19, 6:15PM-6:20PM ET"
2026-03-19 22:17:07.000,BUY,Up,0.11000000178178196,11.224718,0,"Bitcoin Up or Down - March 19, 6:15PM-6:20PM ET"
2026-03-19 22:17:07.000,BUY,Up,0.11,3.0337,0,"Bitcoin Up or Down - March 19, 6:15PM-6:20PM ET"
2026-03-19 22:17:07.000,BUY,Up,0.11,3.0337,0,"Bitcoin Up or Down - March 19, 6:15PM-6:20PM ET"
2026-03-19 22:17:05.000,BUY,Up,0.11,2.44,0,"Bitcoin Up or Down - March 19, 6:15PM-6:20PM ET"
2026-03-19 22:17:05.000,BUY,Up,0.1100000890004361,1.12359,0,"Bitcoin Up or Down - March 19, 6:15PM-6:20PM ET"
2026-03-19 22:17:05.000,BUY,Up,0.11,3.0337,0,"Bitcoin Up or Down - March 19, 6:15PM-6:20PM ET"
2026-03-19 22:17:05.000,BUY,Up,0.11,3.0337,0,"Bitcoin Up or Down - March 19, 6:15PM-6:20PM ET"
2026-03-19 22:17:05.000,BUY,Up,0.11,3.0337,0,"Bitcoin Up or Down - March 19, 6:15PM-6:20PM ET"
2026-03-19 22:17:05.000,BUY,Up,0.1600000234418816,5.119043,0,"Solana Up or Down - March 19, 6:15PM-6:20PM ET"
2026-03-19 22:17:05.000,BUY,Up,0.1100000890004361,1.12359,0,"Bitcoin Up or Down - March 19, 6:15PM-6:20PM ET"
2026-03-19 22:17:03.000,BUY,Down,0.75,0.75,0,"Solana Up or Down - March 19, 6:15PM-6:20PM ET"
2026-03-19 22:16:55.000,BUY,Down,0.65,1.62,0,"Solana Up or Down - March 19, 6:15PM-6:20PM ET"
2026-03-19 22:16:53.000,BUY,Down,0.6500001225000797,2.857141,0,"Solana Up or Down - March 19, 6:15PM-6:20PM ET"
2026-03-19 22:16:51.000,BUY,Down,0.660000170000085,2.941175,0,"Solana Up or Down - March 19, 6:15PM-6:20PM ET"
2026-03-19 22:16:51.000,BUY,Down,0.660000170000085,2.941175,0,"Solana Up or Down - March 19, 6:15PM-6:20PM ET"
2026-03-19 22:16:47.000,BUY,Down,0.650000070000021,5.714284,0,"Solana Up or Down - March 19, 6:15PM-6:20PM ET"
2026-03-19 22:16:47.000,BUY,Up,0.1700000093215149,16.091805,0,"Bitcoin Up or Down - March 19, 6:15PM-6:20PM ET"
2026-03-19 22:16:47.000,BUY,Down,0.6500007875021656,0.571427,0,"Solana Up or Down - March 19, 6:15PM-6:20PM ET"
2026-03-19 22:16:41.000,BUY,Up,0.17,1.5412,0,"Bitcoin Up or Down - March 19, 6:15PM-6:20PM ET"
2026-03-19 22:16:39.000,BUY,Up,0.2,2,0,"Bitcoin Up or Down - March 19, 6:15PM-6:20PM ET"
2026-03-19 22:16:37.000,BUY,Up,0.2,5,0,"Bitcoin Up or Down - March 19, 6:15PM-6:20PM ET"
2026-03-19 22:16:37.000,BUY,Up,0.2,5,0,"Bitcoin Up or Down - March 19, 6:15PM-6:20PM ET"
2026-03-19 22:16:23.000,BUY,Down,0.67,47.45,0,"Bitcoin Up or Down - March 19, 6:15PM-6:20PM ET"
2026-03-19 22:16:17.000,BUY,Down,0.68,31.25,0,"Bitcoin Up or Down - March 19, 6:15PM-6:20PM ET"
2026-03-19 22:16:17.000,BUY,Down,0.68,1.69,0,"Bitcoin Up or Down - March 19, 6:15PM-6:20PM ET"
2026-03-19 22:16:17.000,BUY,Down,0.68,7.505,0,"Bitcoin Up or Down - March 19, 6:15PM-6:20PM ET"
2026-03-19 22:16:17.000,BUY,Down,0.69,50,0,"Bitcoin Up or Down - March 19, 6:15PM-6:20PM ET"
2026-03-19 22:16:09.000,BUY,Down,0.7000000517241468,9.666665,0,"Bitcoin Up or Down - March 19, 6:15PM-6:20PM ET"
2026-03-19 22:16:09.000,BUY,Down,0.55,20.23,0,"Ethereum Up or Down - March 19, 6:15PM-6:20PM ET"
2026-03-19 22:16:09.000,BUY,Down,0.71,50,0,"Bitcoin Up or Down - March 19, 6:15PM-6:20PM ET"
2026-03-19 22:16:09.000,BUY,Down,0.7,30,0,"Bitcoin Up or Down - March 19, 6:15PM-6:20PM ET"
2026-03-19 22:16:07.000,BUY,Up,0.43,3.43,0,"Solana Up or Down - March 19, 6:15PM-6:20PM ET"
2026-03-19 22:16:01.000,BUY,Up,0.57,0.97,0,"Solana Up or Down - March 19, 6:15PM-6:20PM ET"
2026-03-19 22:16:01.000,BUY,Up,0.57,3.03,0,"Solana Up or Down - March 19, 6:15PM-6:20PM ET"
2026-03-19 22:16:01.000,BUY,Up,0.57,5,0,"Solana Up or Down - March 19, 6:15PM-6:20PM ET"
2026-03-19 22:15:59.000,BUY,Up,0.57,5,0,"Solana Up or Down - March 19, 6:15PM-6:20PM ET"
2026-03-19 22:15:57.000,BUY,Up,0.5800001764001023,2.380951,0,"Solana Up or Down - March 19, 6:15PM-6:20PM ET"
2026-03-19 22:15:57.000,BUY,Up,0.58,5,0,"Solana Up or Down - March 19, 6:15PM-6:20PM ET"
2026-03-19 22:15:57.000,BUY,Up,0.58,5,0,"Solana Up or Down - March 19, 6:15PM-6:20PM ET"
2026-03-19 22:15:57.000,BUY,Up,0.58,1.61,0,"Solana Up or Down - March 19, 6:15PM-6:20PM ET"
2026-03-19 22:15:57.000,BUY,Down,0.32,6.28,0,"Ethereum Up or Down - March 19, 6:15PM-6:20PM ET"
2026-03-19 22:15:57.000,BUY,Down,0.32000002170213854,5.529409,0,"Ethereum Up or Down - March 19, 6:15PM-6:20PM ET"
2026-03-19 22:15:53.000,BUY,Down,0.4,5,0,"Solana Up or Down - March 19, 6:15PM-6:20PM ET"
2026-03-19 22:15:53.000,BUY,Down,0.4,5,0,"Solana Up or Down - March 19, 6:15PM-6:20PM ET"
2026-03-19 22:15:53.000,BUY,Down,0.4,3.88,0,"Solana Up or Down - March 19, 6:15PM-6:20PM ET"
2026-03-19 22:15:45.000,BUY,Up,0.5300000127561413,25.085956,0,"Bitcoin Up or Down - March 19, 6:15PM-6:20PM ET"
2026-03-19 22:15:45.000,BUY,Up,0.53,3.01,0,"Bitcoin Up or Down - March 19, 6:15PM-6:20PM ET"
2026-03-19 22:15:45.000,BUY,Up,0.5300000169200062,5.319147,0,"Bitcoin Up or Down - March 19, 6:15PM-6:20PM ET"
2026-03-19 22:15:45.000,BUY,Up,0.65,26,0,"Ethereum Up or Down - March 19, 6:15PM-6:20PM ET"
2026-03-19 22:15:43.000,BUY,Up,0.5300000297666747,6.382977,0,"Bitcoin Up or Down - March 19, 6:15PM-6:20PM ET"
2026-03-19 22:15:43.000,BUY,Up,0.53,10.19,0,"Bitcoin Up or Down - March 19, 6:15PM-6:20PM ET"
2026-03-19 22:15:31.000,BUY,Down,0.47000003302869864,1.816602,0,"Solana Up or Down - March 19, 6:15PM-6:20PM ET"
2026-03-19 22:15:31.000,BUY,Down,0.48,14,0,"Solana Up or Down - March 19, 6:15PM-6:20PM ET"
2026-03-19 22:15:31.000,BUY,Up,0.51,5,0,"Solana Up or Down - March 19, 6:15PM-6:20PM ET"
2026-03-19 22:15:31.000,BUY,Up,0.49,34.76,0,"Bitcoin Up or Down - March 19, 6:15PM-6:20PM ET"
2026-03-19 22:15:31.000,BUY,Up,0.49,5,0,"Bitcoin Up or Down - March 19, 6:15PM-6:20PM ET"
2026-03-19 22:15:31.000,BUY,Up,0.49,10.24,0,"Bitcoin Up or Down - March 19, 6:15PM-6:20PM ET"
2026-03-19 22:15:29.000,BUY,Up,0.5100000373895704,5.081631,0,"Solana Up or Down - March 19, 6:15PM-6:20PM ET"
2026-03-19 22:15:29.000,BUY,Up,0.49,50,0,"Bitcoin Up or Down - March 19, 6:15PM-6:20PM ET"
2026-03-19 22:15:25.000,BUY,Down,0.4900000204000033,9.80392,0,"Solana Up or Down - March 19, 6:15PM-6:20PM ET"
2026-03-19 22:15:21.000,BUY,Down,0.57,8,0,"Solana Up or Down - March 19, 6:15PM-6:20PM ET"
2026-03-19 22:15:19.000,BUY,Down,0.57,27.12,0,"Bitcoin Up or Down - March 19, 6:15PM-6:20PM ET"
2026-03-19 22:15:19.000,BUY,Down,0.5700000308413814,16.860464,0,"Bitcoin Up or Down - March 19, 6:15PM-6:20PM ET"
2026-03-19 22:15:19.000,BUY,Down,0.57,6.01,0,"Bitcoin Up or Down - March 19, 6:15PM-6:20PM ET"
2026-03-19 22:15:17.000,BUY,Down,0.6100001521000927,2.564101,0,"Bitcoin Up or Down - March 19, 6:15PM-6:20PM ET"
2026-03-19 22:15:17.000,BUY,Down,0.6100001521000927,2.564101,0,"Bitcoin Up or Down - March 19, 6:15PM-6:20PM ET"
2026-03-19 22:15:17.000,BUY,Down,0.61,5.5,0,"Bitcoin Up or Down - March 19, 6:15PM-6:20PM ET"
2026-03-19 22:15:17.000,BUY,Down,0.6100000226200032,12.820511,0,"Bitcoin Up or Down - March 19, 6:15PM-6:20PM ET"
2026-03-19 22:15:17.000,BUY,Down,0.6100000226200032,12.820511,0,"Bitcoin Up or Down - March 19, 6:15PM-6:20PM ET"
2026-03-19 22:15:17.000,BUY,Down,0.62,50,0,"Bitcoin Up or Down - March 19, 6:15PM-6:20PM ET"
2026-03-19 22:15:17.000,BUY,Down,0.6100000442000098,7.692306,0,"Bitcoin Up or Down - March 19, 6:15PM-6:20PM ET"
2026-03-19 22:15:17.000,BUY,Down,0.61,0.86,0,"Bitcoin Up or Down - March 19, 6:15PM-6:20PM ET"
2026-03-19 22:15:17.000,BUY,Down,0.6100001521000927,2.564101,0,"Bitcoin Up or Down - March 19, 6:15PM-6:20PM ET"
2026-03-19 22:15:17.000,BUY,Down,0.6100001521000927,2.564101,0,"Bitcoin Up or Down - March 19, 6:15PM-6:20PM ET"
2026-03-19 22:15:15.000,BUY,Up,0.36,37.42,0,"Bitcoin Up or Down - March 19, 6:15PM-6:20PM ET"
2026-03-19 22:15:15.000,BUY,Down,0.5600001029787541,4.272726,0,"Ethereum Up or Down - March 19, 6:15PM-6:20PM ET"
2026-03-19 22:15:13.000,BUY,Down,0.56,5,0,"Ethereum Up or Down - March 19, 6:15PM-6:20PM ET"
2026-03-19 22:15:13.000,BUY,Down,0.58,12,0,"Ethereum Up or Down - March 19, 6:15PM-6:20PM ET"
2026-03-19 22:15:11.000,BUY,Down,0.63,25,0,"Bitcoin Up or Down - March 19, 6:15PM-6:20PM ET"
2026-03-19 22:15:11.000,BUY,Down,0.63,7.43,0,"Bitcoin Up or Down - March 19, 6:15PM-6:20PM ET"
2026-03-19 22:15:11.000,BUY,Down,0.63,4.05,0,"Bitcoin Up or Down - March 19, 6:15PM-6:20PM ET"
2026-03-19 22:15:11.000,BUY,Down,0.6300000325600037,13.513512,0,"Bitcoin Up or Down - March 19, 6:15PM-6:20PM ET"
2026-03-19 22:15:09.000,BUY,Up,0.4700000042755745,4.677734,0,"Solana Up or Down - March 19, 6:15PM-6:20PM ET"
2026-03-19 22:15:09.000,BUY,Up,0.350000006086143,24.646151,0,"Bitcoin Up or Down - March 19, 6:15PM-6:20PM ET"
2026-03-19 22:15:09.000,BUY,Up,0.47,2.18,0,"Solana Up or Down - March 19, 6:15PM-6:20PM ET"
2026-03-19 22:15:09.000,BUY,Up,0.4700000308465672,7.132074,0,"Solana Up or Down - March 19, 6:15PM-6:20PM ET"
2026-03-19 22:15:07.000,,,0,374.996034,0,"Bitcoin Up or Down - March 19, 6:05PM-6:10PM ET"
2026-03-19 22:15:07.000,,,0,162.40078,0,"Ethereum Up or Down - March 19, 6:05PM-6:10PM ET"
2026-03-19 22:15:07.000,,,0,108.851426,0,"Solana Up or Down - March 19, 6:05PM-6:10PM ET"
2026-03-19 22:14:57.000,BUY,Up,0.97,11,0,"Ethereum Up or Down - March 19, 6:10PM-6:15PM ET"
2026-03-19 22:14:57.000,BUY,Up,0.97,15,0,"Ethereum Up or Down - March 19, 6:10PM-6:15PM ET"
2026-03-19 22:14:25.000,BUY,Down,0.02,13.41445,0,"Bitcoin Up or Down - March 19, 6:10PM-6:15PM ET"
2026-03-19 22:14:25.000,BUY,Down,0.02,36.58,0,"Bitcoin Up or Down - March 19, 6:10PM-6:15PM ET"
2026-03-19 22:14:17.000,BUY,Up,0.93,50,0,"Bitcoin Up or Down - March 19, 6:10PM-6:15PM ET"
2026-03-19 22:14:17.000,BUY,Down,0.04,3.54,0,"Bitcoin Up or Down - March 19, 6:10PM-6:15PM ET"
2026-03-19 22:14:17.000,BUY,Down,0.04,46.4579,0,"Bitcoin Up or Down - March 19, 6:10PM-6:15PM ET"
2026-03-19 22:14:15.000,BUY,Down,0.05,50,0,"Bitcoin Up or Down - March 19, 6:10PM-6:15PM ET"
2026-03-19 22:14:15.000,BUY,Down,0.05,29.53,0,"Bitcoin Up or Down - March 19, 6:10PM-6:15PM ET"
2026-03-19 22:14:15.000,BUY,Down,0.05,20.47,0,"Bitcoin Up or Down - March 19, 6:10PM-6:15PM ET"
2026-03-19 22:14:13.000,BUY,Down,0.09,14,0,"Solana Up or Down - March 19, 6:10PM-6:15PM ET"
2026-03-19 22:14:11.000,BUY,Down,0.04,10.75,0,"Ethereum Up or Down - March 19, 6:10PM-6:15PM ET"
2026-03-19 22:14:11.000,BUY,Down,0.05,8.12,0,"Bitcoin Up or Down - March 19, 6:10PM-6:15PM ET"
2026-03-19 22:14:11.000,BUY,Down,0.05,41.88,0,"Bitcoin Up or Down - March 19, 6:10PM-6:15PM ET"
2026-03-19 22:14:11.000,BUY,Down,0.04,14.1,0,"Ethereum Up or Down - March 19, 6:10PM-6:15PM ET"
2026-03-19 22:14:11.000,BUY,Down,0.04,1.145825,0,"Ethereum Up or Down - March 19, 6:10PM-6:15PM ET"
2026-03-19 22:14:09.000,BUY,Down,0.11,14,0,"Solana Up or Down - March 19, 6:10PM-6:15PM ET"
2026-03-19 22:14:09.000,BUY,Down,0.06,50,0,"Bitcoin Up or Down - March 19, 6:10PM-6:15PM ET"
2026-03-19 22:14:09.000,BUY,Down,0.06,50,0,"Bitcoin Up or Down - March 19, 6:10PM-6:15PM ET"
2026-03-19 22:14:03.000,BUY,Down,0.23,14,0,"Solana Up or Down - March 19, 6:10PM-6:15PM ET"
2026-03-19 22:14:01.000,BUY,Up,0.79,50,0,"Bitcoin Up or Down - March 19, 6:10PM-6:15PM ET"
2026-03-19 22:14:01.000,BUY,Down,0.24,0.43,0,"Solana Up or Down - March 19, 6:10PM-6:15PM ET"
2026-03-19 22:14:01.000,BUY,Up,0.74,14,0,"Solana Up or Down - March 19, 6:10PM-6:15PM ET"
2026-03-19 22:14:01.000,BUY,Down,0.24,11.86,0,"Solana Up or Down - March 19, 6:10PM-6:15PM ET"
2026-03-19 22:14:01.000,BUY,Down,0.24,4.92,0,"Solana Up or Down - March 19, 6:10PM-6:15PM ET"
2026-03-19 22:14:01.000,BUY,Up,0.8700001014000223,7.692306,0,"Ethereum Up or Down - March 19, 6:10PM-6:15PM ET"
2026-03-19 22:14:01.000,BUY,Down,0.24,1.71,0,"Solana Up or Down - March 19, 6:10PM-6:15PM ET"
2026-03-19 22:13:59.000,BUY,Up,0.8,50,0,"Bitcoin Up or Down - March 19, 6:10PM-6:15PM ET"
2026-03-19 22:13:59.000,BUY,Down,0.28,14,0,"Solana Up or Down - March 19, 6:10PM-6:15PM ET"
2026-03-19 22:13:59.000,BUY,Up,0.87,14.7,0,"Ethereum Up or Down - March 19, 6:10PM-6:15PM ET"
2026-03-19 22:13:57.000,BUY,Up,0.68,14,0,"Solana Up or Down - March 19, 6:10PM-6:15PM ET"
2026-03-19 22:13:57.000,BUY,Up,0.69,14,0,"Solana Up or Down - March 19, 6:10PM-6:15PM ET"
2026-03-19 22:13:57.000,BUY,Down,0.3,14,0,"Solana Up or Down - March 19, 6:10PM-6:15PM ET"
2026-03-19 22:13:55.000,BUY,Up,0.8,25.26,0,"Bitcoin Up or Down - March 19, 6:10PM-6:15PM ET"
2026-03-19 22:13:55.000,BUY,Down,0.31,14,0,"Solana Up or Down - March 19, 6:10PM-6:15PM ET"
2026-03-19 22:13:51.000,BUY,Down,0.45,14,0,"Solana Up or Down - March 19, 6:10PM-6:15PM ET"
2026-03-19 22:13:49.000,BUY,Down,0.43,14,0,"Solana Up or Down - March 19, 6:10PM-6:15PM ET"
2026-03-19 22:13:43.000,BUY,Down,0.48000004812340125,7.480768,0,"Bitcoin Up or Down - March 19, 6:10PM-6:15PM ET"
2026-03-19 22:13:31.000,,,0,530.809498,0,"Bitcoin Up or Down - March 19, 6:10PM-6:15PM ET"
2026-03-19 22:13:29.000,BUY,Down,0.58,22.17,0,"Ethereum Up or Down - March 19, 6:10PM-6:15PM ET"
2026-03-19 22:13:25.000,BUY,Down,0.5800000679400549,3.826903,0,"Ethereum Up or Down - March 19, 6:10PM-6:15PM ET"
2026-03-19 22:13:21.000,BUY,Down,0.7400007469633069,0.696152,0,"Solana Up or Down - March 19, 6:10PM-6:15PM ET"
2026-03-19 22:13:19.000,BUY,Down,0.59,5,0,"Ethereum Up or Down - March 19, 6:10PM-6:15PM ET"
2026-03-19 22:13:19.000,BUY,Down,0.59,5,0,"Ethereum Up or Down - March 19, 6:10PM-6:15PM ET"
2026-03-19 22:13:19.000,BUY,Down,0.59,6,0,"Ethereum Up or Down - March 19, 6:10PM-6:15PM ET"
2026-03-19 22:13:19.000,BUY,Up,0.39,15.72,0,"Bitcoin Up or Down - March 19, 6:10PM-6:15PM ET"
2026-03-19 22:13:19.000,BUY,Up,0.39,12.97,0,"Bitcoin Up or Down - March 19, 6:10PM-6:15PM ET"
2026-03-19 22:13:19.000,BUY,Up,0.39000002135000994,3.278687,0,"Bitcoin Up or Down - March 19, 6:10PM-6:15PM ET"
2026-03-19 22:13:19.000,BUY,Down,0.59,5,0,"Ethereum Up or Down - March 19, 6:10PM-6:15PM ET"
2026-03-19 22:13:19.000,BUY,Up,0.39,2,0,"Bitcoin Up or Down - March 19, 6:10PM-6:15PM ET"
2026-03-19 22:13:17.000,BUY,Up,0.3900001180646837,2.032784,0,"Bitcoin Up or Down - March 19, 6:10PM-6:15PM ET"
2026-03-19 22:13:17.000,BUY,Up,0.3900000610000346,2.459015,0,"Bitcoin Up or Down - March 19, 6:10PM-6:15PM ET"
2026-03-19 22:13:17.000,BUY,Down,0.59,5,0,"Ethereum Up or Down - March 19, 6:10PM-6:15PM ET"
2026-03-19 22:13:17.000,BUY,Up,0.39,11.53,0,"Bitcoin Up or Down - March 19, 6:10PM-6:15PM ET"
2026-03-19 22:13:15.000,BUY,Up,0.4,5,0,"Bitcoin Up or Down - March 19, 6:10PM-6:15PM ET"
2026-03-19 22:13:15.000,BUY,Up,0.4,6.09,0,"Bitcoin Up or Down - March 19, 6:10PM-6:15PM ET"
2026-03-19 22:13:15.000,BUY,Up,0.4,12,0,"Bitcoin Up or Down - March 19, 6:10PM-6:15PM ET"
2026-03-19 22:13:15.000,BUY,Up,0.4,1.916665,0,"Bitcoin Up or Down - March 19, 6:10PM-6:15PM ET"
2026-03-19 22:13:15.000,BUY,Up,0.4,1.666665,0,"Bitcoin Up or Down - March 19, 6:10PM-6:15PM ET"
2026-03-19 22:13:13.000,BUY,Up,0.40000002400000384,8.333332,0,"Bitcoin Up or Down - March 19, 6:10PM-6:15PM ET"
2026-03-19 22:13:13.000,BUY,Up,0.4000000322407377,6.203332,0,"Bitcoin Up or Down - March 19, 6:10PM-6:15PM ET"
2026-03-19 22:13:13.000,BUY,Up,0.4,9.65,0,"Bitcoin Up or Down - March 19, 6:10PM-6:15PM ET"
2026-03-19 22:13:13.000,BUY,Up,0.4,0.35,0,"Bitcoin Up or Down - March 19, 6:10PM-6:15PM ET"
2026-03-19 22:13:13.000,BUY,Up,0.4,40,0,"Bitcoin Up or Down - March 19, 6:10PM-6:15PM ET"
2026-03-19 22:13:13.000,BUY,Up,0.41,50,0,"Bitcoin Up or Down - March 19, 6:10PM-6:15PM ET"
2026-03-19 22:13:03.000,BUY,Up,0.21,14,0,"Solana Up or Down - March 19, 6:10PM-6:15PM ET"
2026-03-19 22:13:03.000,BUY,Up,0.22,14,0,"Solana Up or Down - March 19, 6:10PM-6:15PM ET"
2026-03-19 22:12:45.000,BUY,Down,0.65,40,0,"Bitcoin Up or Down - March 19, 6:10PM-6:15PM ET"
2026-03-19 22:12:45.000,BUY,Down,0.66,50,0,"Bitcoin Up or Down - March 19, 6:10PM-6:15PM ET"
2026-03-19 22:12:41.000,BUY,Down,0.65,5,0,"Bitcoin Up or Down - March 19, 6:10PM-6:15PM ET"
2026-03-19 22:12:41.000,BUY,Down,0.65,5,0,"Bitcoin Up or Down - March 19, 6:10PM-6:15PM ET"
2026-03-19 22:12:37.000,BUY,Up,0.2400000069965493,11.434208,0,"Solana Up or Down - March 19, 6:10PM-6:15PM ET"
2026-03-19 22:12:37.000,BUY,Down,0.65,9,0,"Bitcoin Up or Down - March 19, 6:10PM-6:15PM ET"
2026-03-19 22:12:37.000,BUY,Down,0.6400001296000829,2.777776,0,"Bitcoin Up or Down - March 19, 6:10PM-6:15PM ET"
2026-03-19 22:12:37.000,BUY,Up,0.24,2.56,0,"Solana Up or Down - March 19, 6:10PM-6:15PM ET"
2026-03-19 22:12:37.000,BUY,Down,0.64,11.41,0,"Bitcoin Up or Down - March 19, 6:10PM-6:15PM ET"
2026-03-19 22:12:37.000,BUY,Down,0.6400001296000829,2.777776,0,"Bitcoin Up or Down - March 19, 6:10PM-6:15PM ET"
2026-03-19 22:12:37.000,BUY,Down,0.6400001296000829,2.777776,0,"Bitcoin Up or Down - March 19, 6:10PM-6:15PM ET"
2026-03-19 22:12:37.000,BUY,Down,0.6400001139518229,4.563332,0,"Bitcoin Up or Down - March 19, 6:10PM-6:15PM ET"
2026-03-19 22:12:29.000,BUY,Up,0.3300000804000707,1.492536,0,"Solana Up or Down - March 19, 6:10PM-6:15PM ET"
2026-03-19 22:12:27.000,BUY,Up,0.4700000349800047,9.433961,0,"Bitcoin Up or Down - March 19, 6:10PM-6:15PM ET"
2026-03-19 22:12:27.000,BUY,Up,0.47,7.36,0,"Bitcoin Up or Down - March 19, 6:10PM-6:15PM ET"
2026-03-19 22:12:27.000,BUY,Up,0.47,3,0,"Bitcoin Up or Down - March 19, 6:10PM-6:15PM ET"
2026-03-19 22:12:27.000,BUY,Up,0.4700000017666668,28.301885,0,"Bitcoin Up or Down - March 19, 6:10PM-6:15PM ET"
2026-03-19 22:12:27.000,BUY,Up,0.4700001219000939,1.886791,0,"Bitcoin Up or Down - March 19, 6:10PM-6:15PM ET"
2026-03-19 22:12:25.000,BUY,Up,0.62,26,0,"Ethereum Up or Down - March 19, 6:10PM-6:15PM ET"
2026-03-19 22:12:15.000,BUY,Down,0.5,2,0,"Ethereum Up or Down - March 19, 6:10PM-6:15PM ET"
2026-03-19 22:12:15.000,BUY,Down,0.5,5,0,"Ethereum Up or Down - March 19, 6:10PM-6:15PM ET"
2026-03-19 22:12:15.000,BUY,Down,0.77,14,0,"Solana Up or Down - March 19, 6:10PM-6:15PM ET"
2026-03-19 22:12:15.000,BUY,Up,0.4800000082539714,4.846152,0,"Ethereum Up or Down - March 19, 6:10PM-6:15PM ET"
2026-03-19 22:12:11.000,BUY,Up,0.22000001872000705,6.410254,0,"Solana Up or Down - March 19, 6:10PM-6:15PM ET"
2026-03-19 22:12:11.000,BUY,Up,0.22000004763362124,1.679486,0,"Solana Up or Down - March 19, 6:10PM-6:15PM ET"
2026-03-19 22:12:11.000,BUY,Up,0.22,7.77,0,"Solana Up or Down - March 19, 6:10PM-6:15PM ET"
2026-03-19 22:12:11.000,BUY,Up,0.22,6.23,0,"Solana Up or Down - March 19, 6:10PM-6:15PM ET"
2026-03-19 22:12:07.000,BUY,Up,0.23000015771100107,1.077921,0,"Solana Up or Down - March 19, 6:10PM-6:15PM ET"
2026-03-19 22:12:05.000,BUY,Down,0.75,3,0,"Solana Up or Down - March 19, 6:10PM-6:15PM ET"
2026-03-19 22:12:03.000,BUY,Up,0.35,50,0,"Bitcoin Up or Down - March 19, 6:10PM-6:15PM ET"
2026-03-19 22:12:01.000,BUY,Up,0.27,14,0,"Solana Up or Down - March 19, 6:10PM-6:15PM ET"
2026-03-19 22:11:59.000,BUY,Down,0.64,50,0,"Bitcoin Up or Down - March 19, 6:10PM-6:15PM ET"
2026-03-19 22:11:59.000,BUY,Down,0.65,50,0,"Bitcoin Up or Down - March 19, 6:10PM-6:15PM ET"
2026-03-19 22:11:55.000,BUY,Up,0.34,5.98,0,"Bitcoin Up or Down - March 19, 6:10PM-6:15PM ET"
2026-03-19 22:11:55.000,BUY,Up,0.34,5.61,0,"Bitcoin Up or Down - March 19, 6:10PM-6:15PM ET"
2026-03-19 22:11:55.000,BUY,Up,0.34000003960001346,7.575755,0,"Bitcoin Up or Down - March 19, 6:10PM-6:15PM ET"
2026-03-19 22:11:55.000,BUY,Up,0.34,1.51515,0,"Bitcoin Up or Down - March 19, 6:10PM-6:15PM ET"
2026-03-19 22:11:55.000,BUY,Up,0.3400000024692129,24.299241,0,"Bitcoin Up or Down - March 19, 6:10PM-6:15PM ET"
2026-03-19 22:11:49.000,BUY,Down,0.5400001150000288,4.347825,0,"Ethereum Up or Down - March 19, 6:10PM-6:15PM ET"
2026-03-19 22:11:49.000,BUY,Down,0.66,4.76,0,"Solana Up or Down - March 19, 6:10PM-6:15PM ET"
2026-03-19 22:11:49.000,BUY,Down,0.66,5,0,"Solana Up or Down - March 19, 6:10PM-6:15PM ET"
2026-03-19 22:11:49.000,BUY,Down,0.66,4.24,0,"Solana Up or Down - March 19, 6:10PM-6:15PM ET"
2026-03-19 22:11:43.000,BUY,Up,0.32000002425107626,4.948234,0,"Solana Up or Down - March 19, 6:10PM-6:15PM ET"
2026-03-19 22:11:43.000,BUY,Up,0.32,50,0,"Bitcoin Up or Down - March 19, 6:10PM-6:15PM ET"
2026-03-19 22:11:41.000,BUY,Down,0.64,4.75,0,"Solana Up or Down - March 19, 6:10PM-6:15PM ET"
2026-03-19 22:11:39.000,BUY,Down,0.58,14,0,"Solana Up or Down - March 19, 6:10PM-6:15PM ET"
2026-03-19 22:11:37.000,BUY,Down,0.55,6.6,0,"Solana Up or Down - March 19, 6:10PM-6:15PM ET"
2026-03-19 22:11:35.000,BUY,Down,0.47,2.83,0,"Ethereum Up or Down - March 19, 6:10PM-6:15PM ET"
2026-03-19 22:11:33.000,BUY,Down,0.4700000138691611,10.094338,0,"Ethereum Up or Down - March 19, 6:10PM-6:15PM ET"
2026-03-19 22:11:33.000,BUY,Down,0.63,14,0,"Solana Up or Down - March 19, 6:10PM-6:15PM ET"
2026-03-19 22:11:31.000,BUY,Down,0.6200000058931047,47.513156,0,"Bitcoin Up or Down - March 19, 6:10PM-6:15PM ET"
2026-03-19 22:11:07.000,BUY,Up,0.38,14,0,"Solana Up or Down - March 19, 6:10PM-6:15PM ET"
2026-03-19 22:11:05.000,BUY,Down,0.62,50,0,"Bitcoin Up or Down - March 19, 6:10PM-6:15PM ET"
2026-03-19 22:11:05.000,BUY,Up,0.3800000213793188,7.483868,0,"Solana Up or Down - March 19, 6:10PM-6:15PM ET"
2026-03-19 22:11:03.000,BUY,Up,0.36,29.65,0,"Bitcoin Up or Down - March 19, 6:10PM-6:15PM ET"
2026-03-19 22:11:03.000,BUY,Up,0.36,15.9375,0,"Bitcoin Up or Down - March 19, 6:10PM-6:15PM ET"
2026-03-19 22:11:03.000,BUY,Up,0.36,4.41,0,"Bitcoin Up or Down - March 19, 6:10PM-6:15PM ET"
2026-03-19 22:10:51.000,BUY,Down,0.6300000200291224,14.478917,0,"Bitcoin Up or Down - March 19, 6:10PM-6:15PM ET"
2026-03-19 22:10:51.000,BUY,Down,0.63,35.52,0,"Bitcoin Up or Down - March 19, 6:10PM-6:15PM ET"
2026-03-19 22:10:49.000,BUY,Up,0.4,0.33,0,"Solana Up or Down - March 19, 6:10PM-6:15PM ET"
2026-03-19 22:10:47.000,BUY,Up,0.4,13.666665,0,"Solana Up or Down - March 19, 6:10PM-6:15PM ET"
2026-03-19 22:10:47.000,BUY,Down,0.64,50,0,"Bitcoin Up or Down - March 19, 6:10PM-6:15PM ET"
2026-03-19 22:10:47.000,BUY,Down,0.64,50,0,"Bitcoin Up or Down - March 19, 6:10PM-6:15PM ET"
2026-03-19 22:10:35.000,BUY,Up,0.39,50,0,"Bitcoin Up or Down - March 19, 6:10PM-6:15PM ET"
2026-03-19 22:10:25.000,BUY,Down,0.4900000128571447,11.666665,0,"Solana Up or Down - March 19, 6:10PM-6:15PM ET"
2026-03-19 22:10:23.000,BUY,Up,0.5,2,0,"Solana Up or Down - March 19, 6:10PM-6:15PM ET"
2026-03-19 22:10:23.000,BUY,Up,0.5,2,0,"Solana Up or Down - March 19, 6:10PM-6:15PM ET"
2026-03-19 22:10:21.000,BUY,Up,0.5,26,0,"Ethereum Up or Down - March 19, 6:10PM-6:15PM ET"
2026-03-19 22:10:15.000,BUY,Up,0.52,16.5625,0,"Bitcoin Up or Down - March 19, 6:10PM-6:15PM ET"
2026-03-19 22:10:15.000,BUY,Up,0.5800002761430184,1.520951,0,"Ethereum Up or Down - March 19, 6:10PM-6:15PM ET"
2026-03-19 22:10:15.000,BUY,Up,0.59,0.39,0,"Ethereum Up or Down - March 19, 6:10PM-6:15PM ET"
2026-03-19 22:10:15.000,BUY,Up,0.52,16.5625,0,"Bitcoin Up or Down - March 19, 6:10PM-6:15PM ET"
2026-03-19 22:10:15.000,BUY,Up,0.52,50,0,"Bitcoin Up or Down - March 19, 6:10PM-6:15PM ET"
2026-03-19 22:10:15.000,BUY,Up,0.5200000881632941,4.083332,0,"Bitcoin Up or Down - March 19, 6:10PM-6:15PM ET"
2026-03-19 22:10:15.000,BUY,Up,0.52,2.14,0,"Bitcoin Up or Down - March 19, 6:10PM-6:15PM ET"
2026-03-19 22:10:15.000,BUY,Up,0.5200000652075629,5.520832,0,"Bitcoin Up or Down - March 19, 6:10PM-6:15PM ET"
2026-03-19 22:10:15.000,BUY,Up,0.5800001764001023,2.380951,0,"Ethereum Up or Down - March 19, 6:10PM-6:15PM ET"
2026-03-19 22:10:15.000,BUY,Up,0.52,7,0,"Bitcoin Up or Down - March 19, 6:10PM-6:15PM ET"
2026-03-19 22:10:13.000,BUY,Up,0.5800001764001023,2.380951,0,"Ethereum Up or Down - March 19, 6:10PM-6:15PM ET"
2026-03-19 22:10:11.000,BUY,Down,0.49,5,0,"Solana Up or Down - March 19, 6:10PM-6:15PM ET"
2026-03-19 22:10:09.000,BUY,Down,0.4800000043728104,27.442306,0,"Bitcoin Up or Down - March 19, 6:10PM-6:15PM ET"
2026-03-19 22:10:09.000,BUY,Down,0.48,21.67,0,"Bitcoin Up or Down - March 19, 6:10PM-6:15PM ET"
2026-03-19 22:10:09.000,BUY,Down,0.4800002276711518,0.87846,0,"Bitcoin Up or Down - March 19, 6:10PM-6:15PM ET"
2026-03-19 22:10:07.000,,,0,50,0,"Bitcoin Up or Down - March 19, 6:00PM-6:05PM ET"
2026-03-19 22:10:07.000,,,0,142.776174,0,"Solana Up or Down - March 19, 6:00PM-6:05PM ET"
2026-03-19 22:10:07.000,,,0,322.21174,0,"Ethereum Up or Down - March 19, 6:00PM-6:05PM ET"
2026-03-19 22:10:07.000,BUY,Up,0.99,14,0,"Solana Up or Down - March 19, 6:05PM-6:10PM ET"
2026-03-19 22:09:47.000,BUY,Up,0.99,50,0,"Bitcoin Up or Down - March 19, 6:05PM-6:10PM ET"
2026-03-19 22:09:47.000,BUY,Up,0.99,50,0,"Bitcoin Up or Down - March 19, 6:05PM-6:10PM ET"
2026-03-19 22:09:45.000,BUY,Up,0.99,50,0,"Bitcoin Up or Down - March 19, 6:05PM-6:10PM ET"
2026-03-19 22:09:45.000,BUY,Up,0.99,50,0,"Bitcoin Up or Down - March 19, 6:05PM-6:10PM ET"
2026-03-19 22:09:43.000,BUY,Up,0.97,50,0,"Bitcoin Up or Down - March 19, 6:05PM-6:10PM ET"
2026-03-19 22:09:33.000,BUY,Up,0.89,11.58,0,"Bitcoin Up or Down - March 19, 6:05PM-6:10PM ET"
2026-03-19 22:09:33.000,BUY,Up,0.89,19.51,0,"Bitcoin Up or Down - March 19, 6:05PM-6:10PM ET"
2026-03-19 22:09:33.000,BUY,Down,0.08,50,0,"Bitcoin Up or Down - March 19, 6:05PM-6:10PM ET"
2026-03-19 22:09:33.000,BUY,Down,0.09,9.87,0,"Bitcoin Up or Down - March 19, 6:05PM-6:10PM ET"
2026-03-19 22:09:33.000,BUY,Down,0.09,10,0,"Bitcoin Up or Down - March 19, 6:05PM-6:10PM ET"
2026-03-19 22:09:33.000,BUY,Down,0.09,3.63,0,"Bitcoin Up or Down - March 19, 6:05PM-6:10PM ET"
2026-03-19 22:09:33.000,BUY,Down,0.09,5.43,0,"Bitcoin Up or Down - March 19, 6:05PM-6:10PM ET"
2026-03-19 22:09:33.000,BUY,Up,0.89,12.11,0,"Bitcoin Up or Down - March 19, 6:05PM-6:10PM ET"
2026-03-19 22:09:33.000,BUY,Up,0.89,6.8,0,"Bitcoin Up or Down - March 19, 6:05PM-6:10PM ET"
2026-03-19 22:09:31.000,BUY,Down,0.04,24,0,"Bitcoin Up or Down - March 19, 6:05PM-6:10PM ET"
2026-03-19 22:09:31.000,BUY,Down,0.04,10.41665,0,"Bitcoin Up or Down - March 19, 6:05PM-6:10PM ET"
2026-03-19 22:09:27.000,BUY,Down,0.03,4.24,0,"Bitcoin Up or Down - March 19, 6:05PM-6:10PM ET"
2026-03-19 22:09:27.000,BUY,Down,0.03,45.76,0,"Bitcoin Up or Down - March 19, 6:05PM-6:10PM ET"
2026-03-19 22:09:25.000,BUY,Down,0.02,9.83,0,"Bitcoin Up or Down - March 19, 6:05PM-6:10PM ET"
2026-03-19 22:09:25.000,BUY,Down,0.02,40.16325,0,"Bitcoin Up or Down - March 19, 6:05PM-6:10PM ET"
2026-03-19 22:09:09.000,BUY,Up,0.97,0.53,0,"Ethereum Up or Down - March 19, 6:05PM-6:10PM ET"
2026-03-19 22:09:01.000,,,0,635.531991,0,"Bitcoin Up or Down - March 19, 6:05PM-6:10PM ET"
2026-03-19 22:08:49.000,BUY,Up,0.93,50,0,"Bitcoin Up or Down - March 19, 6:05PM-6:10PM ET"
2026-03-19 22:08:49.000,BUY,Up,0.96,14.42,0,"Ethereum Up or Down - March 19, 6:05PM-6:10PM ET"
2026-03-19 22:08:47.000,BUY,Up,0.96,6.63,0,"Ethereum Up or Down - March 19, 6:05PM-6:10PM ET"
2026-03-19 22:08:45.000,BUY,Up,0.96,4.95,0,"Ethereum Up or Down - March 19, 6:05PM-6:10PM ET"
2026-03-19 22:08:45.000,BUY,Down,0.09,50,0,"Bitcoin Up or Down - March 19, 6:05PM-6:10PM ET"
2026-03-19 22:08:43.000,BUY,Down,0.09,50,0,"Bitcoin Up or Down - March 19, 6:05PM-6:10PM ET"
2026-03-19 22:08:43.000,BUY,Up,0.88,4.5,0,"Solana Up or Down - March 19, 6:05PM-6:10PM ET"
2026-03-19 22:08:41.000,BUY,Up,0.93,26,0,"Ethereum Up or Down - March 19, 6:05PM-6:10PM ET"
2026-03-19 22:08:39.000,BUY,Up,0.76,10.05,0,"Bitcoin Up or Down - March 19, 6:05PM-6:10PM ET"
2026-03-19 22:08:37.000,BUY,Down,0.17,5,0,"Solana Up or Down - March 19, 6:05PM-6:10PM ET"
2026-03-19 22:08:37.000,BUY,Up,0.72,50,0,"Bitcoin Up or Down - March 19, 6:05PM-6:10PM ET"
2026-03-19 22:08:35.000,BUY,Down,0.17,0.99,0,"Solana Up or Down - March 19, 6:05PM-6:10PM ET"
2026-03-19 22:08:35.000,BUY,Up,0.71,50,0,"Bitcoin Up or Down - March 19, 6:05PM-6:10PM ET"
2026-03-19 22:08:35.000,BUY,Up,0.75,50,0,"Bitcoin Up or Down - March 19, 6:05PM-6:10PM ET"
2026-03-19 22:08:33.000,BUY,Down,0.24,6.6,0,"Bitcoin Up or Down - March 19, 6:05PM-6:10PM ET"
2026-03-19 22:08:33.000,BUY,Down,0.24,6.66,0,"Bitcoin Up or Down - March 19, 6:05PM-6:10PM ET"
2026-03-19 22:08:33.000,BUY,Down,0.24,0.01,0,"Bitcoin Up or Down - March 19, 6:05PM-6:10PM ET"
2026-03-19 22:08:33.000,BUY,Down,0.24,6,0,"Bitcoin Up or Down - March 19, 6:05PM-6:10PM ET"
2026-03-19 22:08:27.000,BUY,Down,0.35,5,0,"Bitcoin Up or Down - March 19, 6:05PM-6:10PM ET"
2026-03-19 22:08:27.000,BUY,Down,0.35,11.41,0,"Bitcoin Up or Down - March 19, 6:05PM-6:10PM ET"
2026-03-19 22:08:27.000,BUY,Down,0.35,6.98,0,"Bitcoin Up or Down - March 19, 6:05PM-6:10PM ET"
2026-03-19 22:08:25.000,BUY,Down,0.34,40.89,0,"Bitcoin Up or Down - March 19, 6:05PM-6:10PM ET"
2026-03-19 22:08:25.000,BUY,Down,0.34000007040003943,4.545452,0,"Bitcoin Up or Down - March 19, 6:05PM-6:10PM ET"
2026-03-19 22:08:25.000,BUY,Down,0.3400001056000359,3.030302,0,"Bitcoin Up or Down - March 19, 6:05PM-6:10PM ET"
2026-03-19 22:08:25.000,BUY,Down,0.34,1.51515,0,"Bitcoin Up or Down - March 19, 6:05PM-6:10PM ET"
2026-03-19 22:08:23.000,BUY,Down,0.34,7,0,"Bitcoin Up or Down - March 19, 6:05PM-6:10PM ET"
2026-03-19 22:08:23.000,BUY,Down,0.34000007040003943,2.272726,0,"Bitcoin Up or Down - March 19, 6:05PM-6:10PM ET"
2026-03-19 22:08:23.000,BUY,Down,0.34,4.38,0,"Bitcoin Up or Down - March 19, 6:05PM-6:10PM ET"
2026-03-19 22:08:21.000,BUY,Up,0.57,42.78,0,"Bitcoin Up or Down - March 19, 6:05PM-6:10PM ET"
2026-03-19 22:08:21.000,BUY,Up,0.57,7.22,0,"Bitcoin Up or Down - March 19, 6:05PM-6:10PM ET"
2026-03-19 22:08:21.000,BUY,Up,0.58,50,0,"Bitcoin Up or Down - March 19, 6:05PM-6:10PM ET"
2026-03-19 22:08:13.000,BUY,Down,0.43,3.95,0,"Bitcoin Up or Down - March 19, 6:05PM-6:10PM ET"
2026-03-19 22:08:13.000,BUY,Down,0.43,3.76,0,"Bitcoin Up or Down - March 19, 6:05PM-6:10PM ET"
2026-03-19 22:08:13.000,BUY,Down,0.43,1.93,0,"Bitcoin Up or Down - March 19, 6:05PM-6:10PM ET"
2026-03-19 22:08:13.000,BUY,Down,0.43,14.74,0,"Bitcoin Up or Down - March 19, 6:05PM-6:10PM ET"
2026-03-19 22:08:13.000,BUY,Down,0.43,5,0,"Bitcoin Up or Down - March 19, 6:05PM-6:10PM ET"
2026-03-19 22:08:09.000,BUY,Down,0.32,1.5,0,"Solana Up or Down - March 19, 6:05PM-6:10PM ET"
2026-03-19 22:08:09.000,BUY,Down,0.44,6.96,0,"Bitcoin Up or Down - March 19, 6:05PM-6:10PM ET"
2026-03-19 22:08:09.000,BUY,Down,0.44000001452982046,19.270713,0,"Bitcoin Up or Down - March 19, 6:05PM-6:10PM ET"
2026-03-19 22:08:09.000,BUY,Down,0.31000000983957554,8.130432,0,"Solana Up or Down - March 19, 6:05PM-6:10PM ET"
2026-03-19 22:08:09.000,BUY,Down,0.31,5.86,0,"Solana Up or Down - March 19, 6:05PM-6:10PM ET"
2026-03-19 22:08:07.000,BUY,Down,0.28,5,0,"Ethereum Up or Down - March 19, 6:05PM-6:10PM ET"
2026-03-19 22:08:07.000,BUY,Down,0.2800001440004032,1.388885,0,"Ethereum Up or Down - March 19, 6:05PM-6:10PM ET"
2026-03-19 22:08:03.000,BUY,Down,0.35,1.72,0,"Ethereum Up or Down - March 19, 6:05PM-6:10PM ET"
2026-03-19 22:08:03.000,BUY,Down,0.35,1.72,0,"Ethereum Up or Down - March 19, 6:05PM-6:10PM ET"
2026-03-19 22:08:01.000,BUY,Down,0.54,1.99,0,"Bitcoin Up or Down - March 19, 6:05PM-6:10PM ET"
2026-03-19 22:08:01.000,BUY,Down,0.54,38.6,0,"Bitcoin Up or Down - March 19, 6:05PM-6:10PM ET"
2026-03-19 22:08:01.000,BUY,Down,0.5400002392001149,2.173912,0,"Bitcoin Up or Down - March 19, 6:05PM-6:10PM ET"
2026-03-19 22:07:59.000,BUY,Down,0.54,0.11,0,"Bitcoin Up or Down - March 19, 6:05PM-6:10PM ET"
2026-03-19 22:07:59.000,BUY,Down,0.5400002392001149,2.173912,0,"Bitcoin Up or Down - March 19, 6:05PM-6:10PM ET"
2026-03-19 22:07:59.000,BUY,Down,0.5400000526872418,4.934781,0,"Bitcoin Up or Down - March 19, 6:05PM-6:10PM ET"
2026-03-19 22:07:53.000,BUY,Up,0.44,7.28,0,"Bitcoin Up or Down - March 19, 6:05PM-6:10PM ET"
2026-03-19 22:07:53.000,BUY,Up,0.44,40,0,"Bitcoin Up or Down - March 19, 6:05PM-6:10PM ET"
2026-03-19 22:07:53.000,BUY,Up,0.4400000147368514,2.714284,0,"Bitcoin Up or Down - March 19, 6:05PM-6:10PM ET"
2026-03-19 22:07:47.000,BUY,Down,0.44,50,0,"Bitcoin Up or Down - March 19, 6:05PM-6:10PM ET"
2026-03-19 22:07:47.000,BUY,Down,0.35,14,0,"Solana Up or Down - March 19, 6:05PM-6:10PM ET"
2026-03-19 22:07:47.000,BUY,Down,0.36,14,0,"Solana Up or Down - March 19, 6:05PM-6:10PM ET"
2026-03-19 22:07:47.000,BUY,Down,0.42,25,0,"Bitcoin Up or Down - March 19, 6:05PM-6:10PM ET"
2026-03-19 22:07:47.000,BUY,Down,0.43,50,0,"Bitcoin Up or Down - March 19, 6:05PM-6:10PM ET"
2026-03-19 22:07:39.000,BUY,Up,0.52,50,0,"Bitcoin Up or Down - March 19, 6:05PM-6:10PM ET"
2026-03-19 22:07:37.000,BUY,Down,0.3700000023247234,21.507935,0,"Ethereum Up or Down - March 19, 6:05PM-6:10PM ET"
2026-03-19 22:07:35.000,BUY,Up,0.58,50,0,"Bitcoin Up or Down - March 19, 6:05PM-6:10PM ET"
2026-03-19 22:07:35.000,BUY,Up,0.59,50,0,"Bitcoin Up or Down - March 19, 6:05PM-6:10PM ET"
2026-03-19 22:07:35.000,BUY,Up,0.6,50,0,"Bitcoin Up or Down - March 19, 6:05PM-6:10PM ET"
2026-03-19 22:07:35.000,BUY,Up,0.59,25,0,"Bitcoin Up or Down - March 19, 6:05PM-6:10PM ET"
2026-03-19 22:07:33.000,BUY,Down,0.42,5,0,"Bitcoin Up or Down - March 19, 6:05PM-6:10PM ET"
2026-03-19 22:07:33.000,BUY,Down,0.4200000096110304,31.214135,0,"Bitcoin Up or Down - March 19, 6:05PM-6:10PM ET"
2026-03-19 22:07:31.000,,,0,524.989556,0,"Bitcoin Up or Down - March 19, 6:05PM-6:10PM ET"
2026-03-19 22:07:31.000,BUY,Down,0.42,5,0,"Bitcoin Up or Down - March 19, 6:05PM-6:10PM ET"
2026-03-19 22:07:31.000,BUY,Down,0.45,1.36,0,"Bitcoin Up or Down - March 19, 6:05PM-6:10PM ET"
2026-03-19 22:07:31.000,BUY,Down,0.45,0.79,0,"Bitcoin Up or Down - March 19, 6:05PM-6:10PM ET"
2026-03-19 22:07:31.000,BUY,Up,0.530000045825007,8.510637,0,"Bitcoin Up or Down - March 19, 6:05PM-6:10PM ET"
2026-03-19 22:07:31.000,BUY,Up,0.53,5.25,0,"Bitcoin Up or Down - March 19, 6:05PM-6:10PM ET"
2026-03-19 22:07:31.000,BUY,Down,0.45,1.51,0,"Bitcoin Up or Down - March 19, 6:05PM-6:10PM ET"
2026-03-19 22:07:31.000,BUY,Down,0.48,2.96,0,"Ethereum Up or Down - March 19, 6:05PM-6:10PM ET"
2026-03-19 22:07:31.000,BUY,Down,0.45000029830532745,1.340908,0,"Bitcoin Up or Down - March 19, 6:05PM-6:10PM ET"
2026-03-19 22:07:31.000,BUY,Up,0.5300000082819873,36.22319,0,"Bitcoin Up or Down - March 19, 6:05PM-6:10PM ET"
2026-03-19 22:07:31.000,BUY,Down,0.45,1.53,0,"Bitcoin Up or Down - March 19, 6:05PM-6:10PM ET"
2026-03-19 22:07:31.000,BUY,Down,0.45,1.38,0,"Bitcoin Up or Down - March 19, 6:05PM-6:10PM ET"
2026-03-19 22:07:31.000,BUY,Down,0.45,1.72,0,"Bitcoin Up or Down - March 19, 6:05PM-6:10PM ET"
2026-03-19 22:07:31.000,BUY,Down,0.45,1.35,0,"Bitcoin Up or Down - March 19, 6:05PM-6:10PM ET"
2026-03-19 22:07:31.000,BUY,Down,0.45,1.35,0,"Bitcoin Up or Down - March 19, 6:05PM-6:10PM ET"
2026-03-19 22:07:31.000,BUY,Down,0.45,1.33,0,"Bitcoin Up or Down - March 19, 6:05PM-6:10PM ET"
2026-03-19 22:07:31.000,BUY,Down,0.45,13,0,"Bitcoin Up or Down - March 19, 6:05PM-6:10PM ET"
2026-03-19 22:07:31.000,BUY,Down,0.45,1.35,0,"Bitcoin Up or Down - March 19, 6:05PM-6:10PM ET"
2026-03-19 22:07:31.000,BUY,Down,0.45,21.98,0,"Bitcoin Up or Down - March 19, 6:05PM-6:10PM ET"
2026-03-19 22:07:31.000,BUY,Down,0.48,5.673075,0,"Ethereum Up or Down - March 19, 6:05PM-6:10PM ET"
2026-03-19 22:07:31.000,BUY,Down,0.48,17.353075,0,"Ethereum Up or Down - March 19, 6:05PM-6:10PM ET"
2026-03-19 22:07:31.000,BUY,Down,0.46,10,0,"Bitcoin Up or Down - March 19, 6:05PM-6:10PM ET"
2026-03-19 22:07:31.000,BUY,Down,0.46,33.78,0,"Bitcoin Up or Down - March 19, 6:05PM-6:10PM ET"
2026-03-19 22:07:31.000,BUY,Down,0.46,6.22,0,"Bitcoin Up or Down - March 19, 6:05PM-6:10PM ET"
2026-03-19 22:07:29.000,BUY,Up,0.490000610226283,0.540783,0,"Bitcoin Up or Down - March 19, 6:05PM-6:10PM ET"
2026-03-19 22:07:27.000,BUY,Down,0.63,1.37,0,"Ethereum Up or Down - March 19, 6:05PM-6:10PM ET"
2026-03-19 22:07:27.000,BUY,Down,0.51,5,0,"Bitcoin Up or Down - March 19, 6:05PM-6:10PM ET"
2026-03-19 22:07:27.000,BUY,Down,0.51,2.44,0,"Bitcoin Up or Down - March 19, 6:05PM-6:10PM ET"
2026-03-19 22:07:25.000,BUY,Down,0.52,50,0,"Bitcoin Up or Down - March 19, 6:05PM-6:10PM ET"
2026-03-19 22:07:17.000,BUY,Down,0.64,16,0,"Bitcoin Up or Down - March 19, 6:05PM-6:10PM ET"
2026-03-19 22:07:17.000,BUY,Down,0.64,13.42,0,"Bitcoin Up or Down - March 19, 6:05PM-6:10PM ET"
2026-03-19 22:07:17.000,BUY,Down,0.64,15,0,"Bitcoin Up or Down - March 19, 6:05PM-6:10PM ET"
2026-03-19 22:07:17.000,BUY,Down,0.64,5.58,0,"Bitcoin Up or Down - March 19, 6:05PM-6:10PM ET"
2026-03-19 22:07:13.000,BUY,Down,0.68,50,0,"Bitcoin Up or Down - March 19, 6:05PM-6:10PM ET"
2026-03-19 22:07:13.000,BUY,Up,0.25,50,0,"Bitcoin Up or Down - March 19, 6:05PM-6:10PM ET"
2026-03-19 22:07:13.000,BUY,Up,0.26,50,0,"Bitcoin Up or Down - March 19, 6:05PM-6:10PM ET"
2026-03-19 22:07:01.000,BUY,Up,0.24,7.41,0,"Solana Up or Down - March 19, 6:05PM-6:10PM ET"
2026-03-19 22:06:57.000,BUY,Up,0.16,26,0,"Ethereum Up or Down - March 19, 6:05PM-6:10PM ET"
2026-03-19 22:06:55.000,BUY,Down,0.68,3.63,0,"Solana Up or Down - March 19, 6:05PM-6:10PM ET"
2026-03-19 22:06:53.000,BUY,Down,0.8200000619534958,11.944443,0,"Ethereum Up or Down - March 19, 6:05PM-6:10PM ET"
2026-03-19 22:06:53.000,BUY,Down,0.8200001296000363,5.555554,0,"Ethereum Up or Down - March 19, 6:05PM-6:10PM ET"
2026-03-19 22:06:53.000,BUY,Down,0.82,1.25,0,"Ethereum Up or Down - March 19, 6:05PM-6:10PM ET"
2026-03-19 22:06:51.000,BUY,Up,0.3,6.53,0,"Solana Up or Down - March 19, 6:05PM-6:10PM ET"
2026-03-19 22:06:37.000,BUY,Up,0.3,11.89857,0,"Solana Up or Down - March 19, 6:05PM-6:10PM ET"
2026-03-19 22:06:35.000,BUY,Up,0.29000002050091217,11.219013,0,"Bitcoin Up or Down - March 19, 6:05PM-6:10PM ET"
2026-03-19 22:06:35.000,BUY,Up,0.29000002982001066,7.042251,0,"Bitcoin Up or Down - March 19, 6:05PM-6:10PM ET"
2026-03-19 22:06:35.000,BUY,Up,0.28,50,0,"Bitcoin Up or Down - March 19, 6:05PM-6:10PM ET"
2026-03-19 22:06:35.000,BUY,Up,0.29,31.73,0,"Bitcoin Up or Down - March 19, 6:05PM-6:10PM ET"
2026-03-19 22:06:33.000,BUY,Up,0.14,11.5,0,"Ethereum Up or Down - March 19, 6:05PM-6:10PM ET"
2026-03-19 22:06:29.000,BUY,Up,0.29,3.99,0,"Bitcoin Up or Down - March 19, 6:05PM-6:10PM ET"
2026-03-19 22:06:29.000,BUY,Up,0.29000002982001066,7.042251,0,"Bitcoin Up or Down - March 19, 6:05PM-6:10PM ET"
2026-03-19 22:06:29.000,BUY,Up,0.29,5.5,0,"Bitcoin Up or Down - March 19, 6:05PM-6:10PM ET"
2026-03-19 22:06:29.000,BUY,Up,0.29000005680010904,1.408448,0,"Bitcoin Up or Down - March 19, 6:05PM-6:10PM ET"
2026-03-19 22:06:29.000,BUY,Up,0.29,2.8169,0,"Bitcoin Up or Down - March 19, 6:05PM-6:10PM ET"
2026-03-19 22:06:29.000,BUY,Up,0.29,29.2269,0,"Bitcoin Up or Down - March 19, 6:05PM-6:10PM ET"
2026-03-19 22:06:29.000,BUY,Up,0.29,10,0,"Bitcoin Up or Down - March 19, 6:05PM-6:10PM ET"
2026-03-19 22:06:29.000,BUY,Up,0.29,40,0,"Bitcoin Up or Down - March 19, 6:05PM-6:10PM ET"
2026-03-19 22:06:27.000,BUY,Down,0.82,3.7,0,"Ethereum Up or Down - March 19, 6:05PM-6:10PM ET"
2026-03-19 22:06:27.000,BUY,Down,0.82,6,0,"Ethereum Up or Down - March 19, 6:05PM-6:10PM ET"
2026-03-19 22:06:27.000,BUY,Down,0.82,6,0,"Ethereum Up or Down - March 19, 6:05PM-6:10PM ET"
2026-03-19 22:06:27.000,BUY,Down,0.82,4.3,0,"Ethereum Up or Down - March 19, 6:05PM-6:10PM ET"
2026-03-19 22:06:27.000,BUY,Down,0.82,6,0,"Ethereum Up or Down - March 19, 6:05PM-6:10PM ET"
2026-03-19 22:06:25.000,BUY,Up,0.30000002800000447,7.142856,0,"Solana Up or Down - March 19, 6:05PM-6:10PM ET"
2026-03-19 22:06:21.000,BUY,Up,0.42,16.5,0,"Bitcoin Up or Down - March 19, 6:05PM-6:10PM ET"
2026-03-19 22:06:21.000,BUY,Up,0.4200000139200011,17.241378,0,"Bitcoin Up or Down - March 19, 6:05PM-6:10PM ET"
2026-03-19 22:06:21.000,BUY,Up,0.4200000734667063,5.172411,0,"Bitcoin Up or Down - March 19, 6:05PM-6:10PM ET"
2026-03-19 22:06:21.000,BUY,Up,0.4200001740002958,1.724135,0,"Bitcoin Up or Down - March 19, 6:05PM-6:10PM ET"
2026-03-19 22:06:21.000,BUY,Down,0.62,12.26,0,"Solana Up or Down - March 19, 6:05PM-6:10PM ET"
2026-03-19 22:06:21.000,BUY,Up,0.42,5.63,0,"Bitcoin Up or Down - March 19, 6:05PM-6:10PM ET"
2026-03-19 22:06:21.000,BUY,Up,0.42,3,0,"Bitcoin Up or Down - March 19, 6:05PM-6:10PM ET"
2026-03-19 22:06:21.000,BUY,Up,0.42,0.71,0,"Bitcoin Up or Down - March 19, 6:05PM-6:10PM ET"
2026-03-19 22:06:17.000,BUY,Down,0.62,1.74,0,"Solana Up or Down - March 19, 6:05PM-6:10PM ET"
2026-03-19 22:06:15.000,BUY,Up,0.42,50,0,"Bitcoin Up or Down - March 19, 6:05PM-6:10PM ET"
2026-03-19 22:06:15.000,BUY,Down,0.76,8.77,0,"Ethereum Up or Down - March 19, 6:05PM-6:10PM ET"
2026-03-19 22:06:07.000,BUY,Down,0.75,1,0,"Solana Up or Down - March 19, 6:05PM-6:10PM ET"
2026-03-19 22:06:07.000,BUY,Up,0.23,5,0,"Solana Up or Down - March 19, 6:05PM-6:10PM ET"
2026-03-19 22:06:07.000,BUY,Up,0.23,3.31,0,"Solana Up or Down - March 19, 6:05PM-6:10PM ET"
2026-03-19 22:06:07.000,BUY,Up,0.23,5,0,"Solana Up or Down - March 19, 6:05PM-6:10PM ET"
2026-03-19 22:06:07.000,BUY,Down,0.75,6,0,"Solana Up or Down - March 19, 6:05PM-6:10PM ET"
2026-03-19 22:06:07.000,BUY,Down,0.75,6,0,"Solana Up or Down - March 19, 6:05PM-6:10PM ET"
2026-03-19 22:06:07.000,BUY,Down,0.75,2,0,"Solana Up or Down - March 19, 6:05PM-6:10PM ET"
2026-03-19 22:06:05.000,BUY,Down,0.75,6,0,"Solana Up or Down - March 19, 6:05PM-6:10PM ET"
2026-03-19 22:06:05.000,BUY,Down,0.75,1,0,"Solana Up or Down - March 19, 6:05PM-6:10PM ET"
2026-03-19 22:06:05.000,BUY,Down,0.75,6,0,"Solana Up or Down - March 19, 6:05PM-6:10PM ET"
2026-03-19 22:05:57.000,BUY,Up,0.22,1,0,"Solana Up or Down - March 19, 6:05PM-6:10PM ET"
2026-03-19 22:05:57.000,BUY,Up,0.22,13,0,"Solana Up or Down - March 19, 6:05PM-6:10PM ET"
2026-03-19 22:05:55.000,BUY,Down,0.69,20.29,0,"Bitcoin Up or Down - March 19, 6:05PM-6:10PM ET"
2026-03-19 22:05:55.000,BUY,Down,0.76,14,0,"Solana Up or Down - March 19, 6:05PM-6:10PM ET"
2026-03-19 22:05:53.000,BUY,Down,0.7,50,0,"Bitcoin Up or Down - March 19, 6:05PM-6:10PM ET"
2026-03-19 22:05:53.000,BUY,Down,0.760001044816481,0.650832,0,"Solana Up or Down - March 19, 6:05PM-6:10PM ET"
2026-03-19 22:05:45.000,BUY,Up,0.18,26,0,"Ethereum Up or Down - March 19, 6:05PM-6:10PM ET"
2026-03-19 22:05:37.000,BUY,Down,0.6900001705000767,3.225805,0,"Bitcoin Up or Down - March 19, 6:05PM-6:10PM ET"
2026-03-19 22:05:37.000,BUY,Down,0.69,5,0,"Bitcoin Up or Down - March 19, 6:05PM-6:10PM ET"
2026-03-19 22:05:37.000,BUY,Down,0.6900001705000767,3.225805,0,"Bitcoin Up or Down - March 19, 6:05PM-6:10PM ET"
2026-03-19 22:05:37.000,BUY,Down,0.6900001705000767,3.225805,0,"Bitcoin Up or Down - March 19, 6:05PM-6:10PM ET"
2026-03-19 22:05:37.000,BUY,Down,0.69,5,0,"Bitcoin Up or Down - March 19, 6:05PM-6:10PM ET"
2026-03-19 22:05:37.000,BUY,Down,0.69,5.13,0,"Bitcoin Up or Down - March 19, 6:05PM-6:10PM ET"
2026-03-19 22:05:37.000,BUY,Down,0.69,5,0,"Bitcoin Up or Down - March 19, 6:05PM-6:10PM ET"
2026-03-19 22:05:37.000,BUY,Down,0.67,50,0,"Bitcoin Up or Down - March 19, 6:05PM-6:10PM ET"
2026-03-19 22:05:35.000,BUY,Down,0.68,1.21,0,"Bitcoin Up or Down - March 19, 6:05PM-6:10PM ET"
2026-03-19 22:05:35.000,BUY,Down,0.68,4.41,0,"Bitcoin Up or Down - March 19, 6:05PM-6:10PM ET"
2026-03-19 22:05:35.000,BUY,Up,0.28,14,0,"Solana Up or Down - March 19, 6:05PM-6:10PM ET"
2026-03-19 22:05:35.000,BUY,Down,0.68,5,0,"Bitcoin Up or Down - March 19, 6:05PM-6:10PM ET"
2026-03-19 22:05:35.000,BUY,Down,0.68,3.125,0,"Bitcoin Up or Down - March 19, 6:05PM-6:10PM ET"
2026-03-19 22:05:35.000,BUY,Down,0.68,17.25,0,"Bitcoin Up or Down - March 19, 6:05PM-6:10PM ET"
2026-03-19 22:05:35.000,BUY,Down,0.68,5,0,"Bitcoin Up or Down - March 19, 6:05PM-6:10PM ET"
2026-03-19 22:05:35.000,BUY,Down,0.68,5,0,"Bitcoin Up or Down - March 19, 6:05PM-6:10PM ET"
2026-03-19 22:05:35.000,BUY,Down,0.68,9,0,"Bitcoin Up or Down - March 19, 6:05PM-6:10PM ET"
2026-03-19 22:05:35.000,BUY,Up,0.31,50,0,"Bitcoin Up or Down - March 19, 6:05PM-6:10PM ET"
2026-03-19 22:05:35.000,BUY,Up,0.32,50,0,"Bitcoin Up or Down - March 19, 6:05PM-6:10PM ET"
2026-03-19 22:05:33.000,BUY,Down,0.64,50,0,"Bitcoin Up or Down - March 19, 6:05PM-6:10PM ET"
2026-03-19 22:05:31.000,BUY,Up,0.36,9,0,"Bitcoin Up or Down - March 19, 6:05PM-6:10PM ET"
2026-03-19 22:05:31.000,BUY,Down,0.6200000860937641,6.736841,0,"Solana Up or Down - March 19, 6:05PM-6:10PM ET"
2026-03-19 22:05:31.000,BUY,Up,0.2100000041145846,12.151895,0,"Ethereum Up or Down - March 19, 6:05PM-6:10PM ET"
2026-03-19 22:05:31.000,BUY,Up,0.21,6.83,0,"Ethereum Up or Down - March 19, 6:05PM-6:10PM ET"
2026-03-19 22:05:31.000,BUY,Down,0.6100032883919764,0.15205,0,"Solana Up or Down - March 19, 6:05PM-6:10PM ET"
2026-03-19 22:05:31.000,BUY,Up,0.36,31.5,0,"Bitcoin Up or Down - March 19, 6:05PM-6:10PM ET"
2026-03-19 22:05:31.000,BUY,Up,0.36,4.495,0,"Bitcoin Up or Down - March 19, 6:05PM-6:10PM ET"
2026-03-19 22:05:31.000,BUY,Up,0.36,5,0,"Bitcoin Up or Down - March 19, 6:05PM-6:10PM ET"
2026-03-19 22:05:29.000,BUY,Up,0.2800001440004032,1.388885,0,"Ethereum Up or Down - March 19, 6:05PM-6:10PM ET"
2026-03-19 22:05:25.000,BUY,Up,0.43,11.06,0,"Solana Up or Down - March 19, 6:05PM-6:10PM ET"
2026-03-19 22:05:19.000,BUY,Up,0.44,5,0,"Solana Up or Down - March 19, 6:05PM-6:10PM ET"
2026-03-19 22:05:17.000,BUY,Down,0.99,50,0,"Bitcoin Up or Down - March 19, 6:00PM-6:05PM ET"
2026-03-19 22:05:17.000,BUY,Down,0.55,50,0,"Bitcoin Up or Down - March 19, 6:05PM-6:10PM ET"
2026-03-19 22:05:15.000,BUY,Down,0.56,50,0,"Bitcoin Up or Down - March 19, 6:05PM-6:10PM ET"
2026-03-19 22:05:15.000,BUY,Down,0.57,50,0,"Bitcoin Up or Down - March 19, 6:05PM-6:10PM ET"
2026-03-19 22:05:13.000,BUY,Down,0.6,15,0,"Ethereum Up or Down - March 19, 6:05PM-6:10PM ET"
2026-03-19 22:05:13.000,BUY,Down,0.5600001389475073,1.727271,0,"Solana Up or Down - March 19, 6:05PM-6:10PM ET"
2026-03-19 22:05:13.000,BUY,Down,0.560000070400024,4.545453,0,"Solana Up or Down - March 19, 6:05PM-6:10PM ET"
2026-03-19 22:05:13.000,BUY,Up,0.41,50,0,"Bitcoin Up or Down - March 19, 6:05PM-6:10PM ET"
2026-03-19 22:05:11.000,BUY,Down,0.59,1.19,0,"Ethereum Up or Down - March 19, 6:05PM-6:10PM ET"
2026-03-19 22:05:09.000,BUY,Down,0.58,1.54,0,"Bitcoin Up or Down - March 19, 6:05PM-6:10PM ET"
2026-03-19 22:05:09.000,BUY,Down,0.5900000360648172,15.804877,0,"Ethereum Up or Down - March 19, 6:05PM-6:10PM ET"
2026-03-19 22:05:09.000,BUY,Down,0.58,5,0,"Bitcoin Up or Down - March 19, 6:05PM-6:10PM ET"
2026-03-19 22:05:09.000,BUY,Down,0.5800000143255831,15.357141,0,"Bitcoin Up or Down - March 19, 6:05PM-6:10PM ET"
2026-03-19 22:05:09.000,BUY,Down,0.58,3,0,"Bitcoin Up or Down - March 19, 6:05PM-6:10PM ET"
2026-03-19 22:05:09.000,BUY,Down,0.59,9,0,"Ethereum Up or Down - March 19, 6:05PM-6:10PM ET"
2026-03-19 22:05:09.000,BUY,Up,0.41,26,0,"Ethereum Up or Down - March 19, 6:05PM-6:10PM ET"
2026-03-19 22:05:07.000,,,0,230.107813,0,"Solana Up or Down - March 19, 5:50PM-5:55PM ET"
