timestamp,time_utc,side,outcome,price,size,usdc,market
1774118753,2026-03-21 18:45:53,BUY,Up,0.4000000693641939,2.883332,1.153333,"XRP Up or Down - March 21, 2:45PM-2:50PM ET"
1774118753,2026-03-21 18:45:53,BUY,Up,0.4,4.11,1.6440000000000001,"XRP Up or Down - March 21, 2:45PM-2:50PM ET"
1774118753,2026-03-21 18:45:53,BUY,Down,0.53,9.84488,5.2177864000000005,"XRP Up or Down - March 21, 2:45PM-2:50PM ET"
1774118755,2026-03-21 18:45:55,BUY,Up,0.3899999859301004,22.421788,8.744497004527693,"XRP Up or Down - March 21, 2:45PM-2:50PM ET"
1774118755,2026-03-21 18:45:55,BUY,Up,0.39,6.90096,2.6913744000000004,"XRP Up or Down - March 21, 2:45PM-2:50PM ET"
1774118763,2026-03-21 18:46:03,BUY,Down,0.7000030000300003,0.166665,0.116666,"Ethereum Up or Down - March 21, 2:45PM-2:50PM ET"
1774118763,2026-03-21 18:46:03,BUY,Up,0.26,9.90746,2.5759396000000003,"Ethereum Up or Down - March 21, 2:45PM-2:50PM ET"
1774118773,2026-03-21 18:46:13,BUY,Down,0.74,35.0,25.9,"Ethereum Up or Down - March 21, 2:45PM-2:50PM ET"
1774118777,2026-03-21 18:46:17,BUY,Down,0.77,59.03346,45.4557642,"Ethereum Up or Down - March 21, 2:45PM-2:50PM ET"
1774118779,2026-03-21 18:46:19,BUY,Down,0.77,5.0,3.85,"Ethereum Up or Down - March 21, 2:45PM-2:50PM ET"
1774118779,2026-03-21 18:46:19,BUY,Down,0.77,4.35,3.3495,"Ethereum Up or Down - March 21, 2:45PM-2:50PM ET"
1774118781,2026-03-21 18:46:21,BUY,Down,0.78,41.65111,32.4878658,"Ethereum Up or Down - March 21, 2:45PM-2:50PM ET"
1774118781,2026-03-21 18:46:21,BUY,Down,0.77,5.0,3.85,"Ethereum Up or Down - March 21, 2:45PM-2:50PM ET"
1774118783,2026-03-21 18:46:23,BUY,Down,0.68,16.79877,11.423163600000002,"XRP Up or Down - March 21, 2:45PM-2:50PM ET"
1774118783,2026-03-21 18:46:23,BUY,Down,0.7099999986401072,72.75584,51.656646301059865,"Ethereum Up or Down - March 21, 2:45PM-2:50PM ET"
1774118785,2026-03-21 18:46:25,BUY,Down,0.68,16.50232,11.221577600000002,"XRP Up or Down - March 21, 2:45PM-2:50PM ET"
1774118791,2026-03-21 18:46:31,BUY,Down,0.78,4.9632,3.8712959999999996,"Ethereum Up or Down - March 21, 2:45PM-2:50PM ET"
1774118811,2026-03-21 18:46:51,BUY,Down,0.69,4.68,3.2291999999999996,"XRP Up or Down - March 21, 2:45PM-2:50PM ET"
1774118811,2026-03-21 18:46:51,BUY,Up,0.25,7.0,1.75,"XRP Up or Down - March 21, 2:45PM-2:50PM ET"
1774118811,2026-03-21 18:46:51,BUY,Down,0.7,9.88975,6.922825,"XRP Up or Down - March 21, 2:45PM-2:50PM ET"
1774118813,2026-03-21 18:46:53,BUY,Up,0.23,5.95296,1.3691808,"XRP Up or Down - March 21, 2:45PM-2:50PM ET"
1774118813,2026-03-21 18:46:53,BUY,Up,0.25,21.21192,5.30298,"XRP Up or Down - March 21, 2:45PM-2:50PM ET"
1774118813,2026-03-21 18:46:53,BUY,Down,0.79,1.32085,1.0434715,"Ethereum Up or Down - March 21, 2:45PM-2:50PM ET"
1774118813,2026-03-21 18:46:53,BUY,Up,0.24,5.0,1.2,"XRP Up or Down - March 21, 2:45PM-2:50PM ET"
1774118813,2026-03-21 18:46:53,BUY,Up,0.24,2.0,0.48,"XRP Up or Down - March 21, 2:45PM-2:50PM ET"
1774118815,2026-03-21 18:46:55,BUY,Up,0.23,7.0,1.61,"XRP Up or Down - March 21, 2:45PM-2:50PM ET"
1774118845,2026-03-21 18:47:25,BUY,Up,0.17,2.0,0.34,"Ethereum Up or Down - March 21, 2:45PM-2:50PM ET"
1774118847,2026-03-21 18:47:27,BUY,Up,0.17000000741071752,8.096382,1.376385,"Ethereum Up or Down - March 21, 2:45PM-2:50PM ET"
1774118847,2026-03-21 18:47:27,BUY,Up,0.18,2.32726,0.41890679999999997,"Ethereum Up or Down - March 21, 2:45PM-2:50PM ET"
1774118857,2026-03-21 18:47:37,BUY,Down,0.82,32.621359999999996,26.749515199999994,"Ethereum Up or Down - March 21, 2:45PM-2:50PM ET"
1774118859,2026-03-21 18:47:39,BUY,Down,0.83,9.95023,8.2586909,"Ethereum Up or Down - March 21, 2:45PM-2:50PM ET"
1774118861,2026-03-21 18:47:41,BUY,Down,0.86,9.96376,8.5688336,"Ethereum Up or Down - March 21, 2:45PM-2:50PM ET"
1774118861,2026-03-21 18:47:41,BUY,Down,0.92,2.11,1.9412,"XRP Up or Down - March 21, 2:45PM-2:50PM ET"
1774118863,2026-03-21 18:47:43,BUY,Down,0.91,7.0,6.37,"XRP Up or Down - March 21, 2:45PM-2:50PM ET"
1774118863,2026-03-21 18:47:43,BUY,Down,0.92,4.89,4.4988,"XRP Up or Down - March 21, 2:45PM-2:50PM ET"
1774118865,2026-03-21 18:47:45,BUY,Down,0.86,4.98188,4.2844168,"Ethereum Up or Down - March 21, 2:45PM-2:50PM ET"
1774118871,2026-03-21 18:47:51,BUY,Down,0.84,4.97743,4.1810412,"Ethereum Up or Down - March 21, 2:45PM-2:50PM ET"
1774118883,2026-03-21 18:48:03,BUY,Down,0.8701100143215229,13.415096,11.672609372684605,"Ethereum Up or Down - March 21, 2:45PM-2:50PM ET"
1774118889,2026-03-21 18:48:09,BUY,Down,0.95,7.0,6.6499999999999995,"XRP Up or Down - March 21, 2:45PM-2:50PM ET"
1774118893,2026-03-21 18:48:13,BUY,Down,0.96,10.100430000000001,9.696412800000001,"XRP Up or Down - March 21, 2:45PM-2:50PM ET"
1774118899,2026-03-21 18:48:19,BUY,Down,0.96,5.75,5.52,"XRP Up or Down - March 21, 2:45PM-2:50PM ET"
1774118899,2026-03-21 18:48:19,BUY,Down,0.88,7.0,6.16,"XRP Up or Down - March 21, 2:45PM-2:50PM ET"
1774118899,2026-03-21 18:48:19,BUY,Down,0.91,7.0,6.37,"XRP Up or Down - March 21, 2:45PM-2:50PM ET"
1774118899,2026-03-21 18:48:19,BUY,Down,0.89,7.0,6.23,"XRP Up or Down - March 21, 2:45PM-2:50PM ET"
1774118899,2026-03-21 18:48:19,BUY,Up,0.04,9.766399999999999,0.39065599999999995,"XRP Up or Down - March 21, 2:45PM-2:50PM ET"
1774118901,2026-03-21 18:48:21,BUY,Down,0.9,7.0,6.3,"XRP Up or Down - March 21, 2:45PM-2:50PM ET"
1774118907,2026-03-21 18:48:27,BUY,Down,0.91,6.339359999999999,5.768817599999999,"XRP Up or Down - March 21, 2:45PM-2:50PM ET"
1774118909,2026-03-21 18:48:29,BUY,Down,0.9293718471295388,6.997188,6.5029895362726435,"XRP Up or Down - March 21, 2:45PM-2:50PM ET"
1774118909,2026-03-21 18:48:29,BUY,Down,0.9199999947050284,7.544107,6.940578400054168,"XRP Up or Down - March 21, 2:45PM-2:50PM ET"
1774118943,2026-03-21 18:49:03,BUY,Up,0.06,4.99603,0.2997618,"Ethereum Up or Down - March 21, 2:45PM-2:50PM ET"
1774119007,2026-03-21 18:50:07,,,0.0,364.114867,0.0,"XRP Up or Down - March 21, 2:40PM-2:45PM ET"
1774119007,2026-03-21 18:50:07,,,0.0,212.999792,0.0,"Ethereum Up or Down - March 21, 2:40PM-2:45PM ET"
1774119009,2026-03-21 18:50:09,BUY,Up,0.45,7.0,3.15,"XRP Up or Down - March 21, 2:50PM-2:55PM ET"
1774119009,2026-03-21 18:50:09,BUY,Up,0.47999994962098186,7.034542,3.376579805606681,"XRP Up or Down - March 21, 2:50PM-2:55PM ET"
1774119009,2026-03-21 18:50:09,BUY,Up,0.47999994962098186,7.034542,3.376579805606681,"XRP Up or Down - March 21, 2:50PM-2:55PM ET"
1774119009,2026-03-21 18:50:09,BUY,Up,0.46999998064705734,17.804565,8.368145205429274,"XRP Up or Down - March 21, 2:50PM-2:55PM ET"
1774119009,2026-03-21 18:50:09,BUY,Down,0.5400000586274722,4.434781,2.394782,"XRP Up or Down - March 21, 2:50PM-2:55PM ET"
1774119009,2026-03-21 18:50:09,BUY,Down,0.55,7.0,3.8500000000000005,"XRP Up or Down - March 21, 2:50PM-2:55PM ET"
1774119011,2026-03-21 18:50:11,BUY,Up,0.48,4.2822499999999994,2.0554799999999998,"XRP Up or Down - March 21, 2:50PM-2:55PM ET"
1774119011,2026-03-21 18:50:11,BUY,Down,0.5,7.0,3.5,"XRP Up or Down - March 21, 2:50PM-2:55PM ET"
1774119013,2026-03-21 18:50:13,BUY,Down,0.5,3.42,1.71,"XRP Up or Down - March 21, 2:50PM-2:55PM ET"
1774119013,2026-03-21 18:50:13,BUY,Down,0.49,7.0,3.4299999999999997,"XRP Up or Down - March 21, 2:50PM-2:55PM ET"
1774119013,2026-03-21 18:50:13,BUY,Down,0.5,7.0,3.5,"XRP Up or Down - March 21, 2:50PM-2:55PM ET"
1774119013,2026-03-21 18:50:13,BUY,Down,0.49,1.42,0.6958,"XRP Up or Down - March 21, 2:50PM-2:55PM ET"
1774119013,2026-03-21 18:50:13,BUY,Down,0.5,3.58,1.79,"XRP Up or Down - March 21, 2:50PM-2:55PM ET"
1774119013,2026-03-21 18:50:13,BUY,Down,0.51,7.8751,4.016301,"XRP Up or Down - March 21, 2:50PM-2:55PM ET"
1774119013,2026-03-21 18:50:13,BUY,Down,0.5,6.0,3.0,"XRP Up or Down - March 21, 2:50PM-2:55PM ET"
1774119015,2026-03-21 18:50:15,BUY,Up,0.33000000647969296,7.716415,2.546417,"Ethereum Up or Down - March 21, 2:50PM-2:55PM ET"
1774119015,2026-03-21 18:50:15,BUY,Up,0.33000002328877237,11.164178,3.684179,"Ethereum Up or Down - March 21, 2:50PM-2:55PM ET"
1774119015,2026-03-21 18:50:15,BUY,Up,0.3300001851014488,1.512684,0.49918599999999996,"Ethereum Up or Down - March 21, 2:50PM-2:55PM ET"
1774119017,2026-03-21 18:50:17,BUY,Up,0.35,138.18854,48.36598899999999,"Ethereum Up or Down - March 21, 2:50PM-2:55PM ET"
1774119017,2026-03-21 18:50:17,BUY,Up,0.3300000229550363,6.970148,2.300149,"Ethereum Up or Down - March 21, 2:50PM-2:55PM ET"
1774119017,2026-03-21 18:50:17,BUY,Up,0.33,7.61,2.5113000000000003,"Ethereum Up or Down - March 21, 2:50PM-2:55PM ET"
1774119017,2026-03-21 18:50:17,BUY,Up,0.42000005800004253,2.068964,0.8689649999999999,"XRP Up or Down - March 21, 2:50PM-2:55PM ET"
1774119017,2026-03-21 18:50:17,BUY,Down,0.65,35.0,22.75,"Ethereum Up or Down - March 21, 2:50PM-2:55PM ET"
1774119021,2026-03-21 18:50:21,BUY,Up,0.4300001767002986,1.754383,0.754385,"XRP Up or Down - March 21, 2:50PM-2:55PM ET"
1774119027,2026-03-21 18:50:27,BUY,Up,0.43000016150008885,2.105262,0.9052630000000002,"XRP Up or Down - March 21, 2:50PM-2:55PM ET"
1774119027,2026-03-21 18:50:27,BUY,Up,0.43999998552631386,13.60845,5.987717803035566,"XRP Up or Down - March 21, 2:50PM-2:55PM ET"
1774119027,2026-03-21 18:50:27,BUY,Up,0.44273796801838117,7.2957030000000005,3.230084721485608,"XRP Up or Down - March 21, 2:50PM-2:55PM ET"
1774119035,2026-03-21 18:50:35,BUY,Down,0.53,23.6277,12.522681,"XRP Up or Down - March 21, 2:50PM-2:55PM ET"
1774119035,2026-03-21 18:50:35,BUY,Down,0.54,7.0,3.7800000000000002,"XRP Up or Down - March 21, 2:50PM-2:55PM ET"
1774119035,2026-03-21 18:50:35,BUY,Down,0.6900000196605123,25.940321,17.898822,"Ethereum Up or Down - March 21, 2:50PM-2:55PM ET"
1774119041,2026-03-21 18:50:41,BUY,Down,0.5299999719081221,15.770375000000001,8.358298306980553,"XRP Up or Down - March 21, 2:50PM-2:55PM ET"
1774119041,2026-03-21 18:50:41,BUY,Down,0.5399999760591084,7.402547,3.997375202776425,"XRP Up or Down - March 21, 2:50PM-2:55PM ET"
1774119045,2026-03-21 18:50:45,BUY,Down,0.73,35.0,25.55,"Ethereum Up or Down - March 21, 2:50PM-2:55PM ET"
1774119045,2026-03-21 18:50:45,BUY,Up,0.45000016041675356,2.181817,0.9818180000000001,"XRP Up or Down - March 21, 2:50PM-2:55PM ET"
1774119047,2026-03-21 18:50:47,BUY,Up,0.46,7.0,3.22,"XRP Up or Down - March 21, 2:50PM-2:55PM ET"
1774119051,2026-03-21 18:50:51,BUY,Down,0.775,9.92399,7.6910922500000005,"Ethereum Up or Down - March 21, 2:50PM-2:55PM ET"
1774119055,2026-03-21 18:50:55,BUY,Down,0.83,69.65159,57.810819699999996,"Ethereum Up or Down - March 21, 2:50PM-2:55PM ET"
1774119059,2026-03-21 18:50:59,BUY,Up,0.21,63.92709000000001,13.424688900000001,"Ethereum Up or Down - March 21, 2:50PM-2:55PM ET"
1774119059,2026-03-21 18:50:59,BUY,Down,0.72,10.0,7.199999999999999,"Ethereum Up or Down - March 21, 2:50PM-2:55PM ET"
1774119059,2026-03-21 18:50:59,BUY,Down,0.7200000463448359,10.357141,7.457142000000001,"Ethereum Up or Down - March 21, 2:50PM-2:55PM ET"
1774119059,2026-03-21 18:50:59,BUY,Down,0.72,4.21,3.0311999999999997,"Ethereum Up or Down - March 21, 2:50PM-2:55PM ET"
1774119059,2026-03-21 18:50:59,BUY,Down,0.7200000575342544,10.42857,7.508571,"Ethereum Up or Down - March 21, 2:50PM-2:55PM ET"
1774119059,2026-03-21 18:50:59,BUY,Down,0.75,10.0,7.5,"Ethereum Up or Down - March 21, 2:50PM-2:55PM ET"
1774119059,2026-03-21 18:50:59,BUY,Down,0.75,20.0,15.0,"Ethereum Up or Down - March 21, 2:50PM-2:55PM ET"
1774119065,2026-03-21 18:51:05,BUY,Down,0.720000089600031,5.357141,3.857142,"Ethereum Up or Down - March 21, 2:50PM-2:55PM ET"
1774119075,2026-03-21 18:51:15,BUY,Up,0.5,2.49,1.245,"XRP Up or Down - March 21, 2:50PM-2:55PM ET"
1774119081,2026-03-21 18:51:21,BUY,Up,0.25,104.07715,26.0192875,"Ethereum Up or Down - March 21, 2:50PM-2:55PM ET"
1774119081,2026-03-21 18:51:21,BUY,Down,0.75,35.0,26.25,"Ethereum Up or Down - March 21, 2:50PM-2:55PM ET"
1774119083,2026-03-21 18:51:23,BUY,Down,0.82,5.0,4.1,"Ethereum Up or Down - March 21, 2:50PM-2:55PM ET"
1774119083,2026-03-21 18:51:23,BUY,Down,0.78,4.9632,3.8712959999999996,"Ethereum Up or Down - March 21, 2:50PM-2:55PM ET"
1774119085,2026-03-21 18:51:25,BUY,Up,0.42000003182927625,5.655171,2.375172,"XRP Up or Down - March 21, 2:50PM-2:55PM ET"
1774119085,2026-03-21 18:51:25,BUY,Up,0.42,1.34,0.5628,"XRP Up or Down - March 21, 2:50PM-2:55PM ET"
1774119085,2026-03-21 18:51:25,BUY,Up,0.48,7.0,3.36,"XRP Up or Down - March 21, 2:50PM-2:55PM ET"
1774119087,2026-03-21 18:51:27,BUY,Up,0.4,5.8396799999999995,2.3358719999999997,"XRP Up or Down - March 21, 2:50PM-2:55PM ET"
1774119087,2026-03-21 18:51:27,BUY,Up,0.39090221627595834,25.42104,9.937140876039788,"XRP Up or Down - March 21, 2:50PM-2:55PM ET"
1774119087,2026-03-21 18:51:27,BUY,Up,0.38999994693876466,7.4318,2.898401605659511,"XRP Up or Down - March 21, 2:50PM-2:55PM ET"
1774119087,2026-03-21 18:51:27,BUY,Up,0.4012043385011034,12.773964,5.124969776656909,"XRP Up or Down - March 21, 2:50PM-2:55PM ET"
1774119089,2026-03-21 18:51:29,BUY,Down,0.83,7.0,5.81,"XRP Up or Down - March 21, 2:50PM-2:55PM ET"
1774119097,2026-03-21 18:51:37,BUY,Down,0.85,7.0,5.95,"XRP Up or Down - March 21, 2:50PM-2:55PM ET"
1774119115,2026-03-21 18:51:55,BUY,Up,0.06,14.98808,0.8992848,"Ethereum Up or Down - March 21, 2:50PM-2:55PM ET"
1774119115,2026-03-21 18:51:55,BUY,Up,0.05,0.43946,0.021973000000000003,"Ethereum Up or Down - March 21, 2:50PM-2:55PM ET"
1774119115,2026-03-21 18:51:55,BUY,Up,0.05,33.69472,1.684736,"Ethereum Up or Down - March 21, 2:50PM-2:55PM ET"
1774119117,2026-03-21 18:51:57,BUY,Up,0.05,14.99154,0.749577,"Ethereum Up or Down - March 21, 2:50PM-2:55PM ET"
1774119119,2026-03-21 18:51:59,BUY,Up,0.05,22.78714,1.1393570000000002,"Ethereum Up or Down - March 21, 2:50PM-2:55PM ET"
1774119129,2026-03-21 18:52:09,BUY,Up,0.04,14.99448,0.5997792,"Ethereum Up or Down - March 21, 2:50PM-2:55PM ET"
1774119307,2026-03-21 18:55:07,,,0.0,407.814295,0.0,"Ethereum Up or Down - March 21, 2:45PM-2:50PM ET"
1774119307,2026-03-21 18:55:07,,,0.0,173.530137,0.0,"XRP Up or Down - March 21, 2:45PM-2:50PM ET"
1774119309,2026-03-21 18:55:09,BUY,Up,0.56,17.90406,10.026273600000001,"Ethereum Up or Down - March 21, 2:55PM-3:00PM ET"
1774119309,2026-03-21 18:55:09,BUY,Down,0.42,20.94,8.7948,"Ethereum Up or Down - March 21, 2:55PM-3:00PM ET"
1774119309,2026-03-21 18:55:09,BUY,Down,0.42,14.06,5.9052,"Ethereum Up or Down - March 21, 2:55PM-3:00PM ET"
1774119311,2026-03-21 18:55:11,BUY,Down,0.4100000133733348,25.423726,10.423727999999999,"Ethereum Up or Down - March 21, 2:55PM-3:00PM ET"
1774119319,2026-03-21 18:55:19,BUY,Down,0.39,4.0,1.56,"Ethereum Up or Down - March 21, 2:55PM-3:00PM ET"
1774119329,2026-03-21 18:55:29,BUY,Down,0.48,0.98,0.4704,"XRP Up or Down - March 21, 2:55PM-3:00PM ET"
1774119335,2026-03-21 18:55:35,BUY,Down,0.47,7.0,3.29,"XRP Up or Down - March 21, 2:55PM-3:00PM ET"
1774119335,2026-03-21 18:55:35,BUY,Down,0.48,6.02,2.8895999999999997,"XRP Up or Down - March 21, 2:55PM-3:00PM ET"
1774119339,2026-03-21 18:55:39,BUY,Down,0.37,34.52457,12.7740909,"Ethereum Up or Down - March 21, 2:55PM-3:00PM ET"
1774119339,2026-03-21 18:55:39,BUY,Down,0.3528481056408368,23.915527,8.438548397352285,"Ethereum Up or Down - March 21, 2:55PM-3:00PM ET"
1774119341,2026-03-21 18:55:41,BUY,Up,0.5,7.0,3.5,"XRP Up or Down - March 21, 2:55PM-3:00PM ET"
1774119341,2026-03-21 18:55:41,BUY,Up,0.51,7.0,3.5700000000000003,"XRP Up or Down - March 21, 2:55PM-3:00PM ET"
1774119341,2026-03-21 18:55:41,BUY,Up,0.6300000325600037,13.513512,8.513513000000001,"Ethereum Up or Down - March 21, 2:55PM-3:00PM ET"
1774119341,2026-03-21 18:55:41,BUY,Up,0.6300001129473934,5.135134,3.235135,"Ethereum Up or Down - March 21, 2:55PM-3:00PM ET"
1774119343,2026-03-21 18:55:43,BUY,Up,0.63,5.0,3.15,"Ethereum Up or Down - March 21, 2:55PM-3:00PM ET"
1774119347,2026-03-21 18:55:47,BUY,Up,0.63,7.56,4.7627999999999995,"Ethereum Up or Down - March 21, 2:55PM-3:00PM ET"
1774119349,2026-03-21 18:55:49,BUY,Up,0.63,3.78,2.3813999999999997,"Ethereum Up or Down - March 21, 2:55PM-3:00PM ET"
1774119349,2026-03-21 18:55:49,BUY,Up,0.5053371359714344,16.888851,8.534563594188295,"XRP Up or Down - March 21, 2:55PM-3:00PM ET"
1774119379,2026-03-21 18:56:19,BUY,Down,0.36,7.0,2.52,"XRP Up or Down - March 21, 2:55PM-3:00PM ET"
1774119379,2026-03-21 18:56:19,BUY,Down,0.37,1.47,0.5438999999999999,"XRP Up or Down - March 21, 2:55PM-3:00PM ET"
1774119379,2026-03-21 18:56:19,BUY,Down,0.34,7.0,2.3800000000000003,"XRP Up or Down - March 21, 2:55PM-3:00PM ET"
1774119379,2026-03-21 18:56:19,BUY,Down,0.35,7.0,2.4499999999999997,"XRP Up or Down - March 21, 2:55PM-3:00PM ET"
1774119379,2026-03-21 18:56:19,BUY,Down,0.36,7.0,2.52,"XRP Up or Down - March 21, 2:55PM-3:00PM ET"
1774119379,2026-03-21 18:56:19,BUY,Down,0.37,7.0,2.59,"XRP Up or Down - March 21, 2:55PM-3:00PM ET"
1774119379,2026-03-21 18:56:19,BUY,Down,0.37,5.53,2.0461,"XRP Up or Down - March 21, 2:55PM-3:00PM ET"
1774119381,2026-03-21 18:56:21,BUY,Down,0.36,9.86729,3.5522244,"XRP Up or Down - March 21, 2:55PM-3:00PM ET"
1774119415,2026-03-21 18:56:55,BUY,Up,0.65,6.0,3.9000000000000004,"XRP Up or Down - March 21, 2:55PM-3:00PM ET"
1774119417,2026-03-21 18:56:57,BUY,Up,0.65,1.0,0.65,"XRP Up or Down - March 21, 2:55PM-3:00PM ET"
1774119421,2026-03-21 18:57:01,BUY,Up,0.64,7.0,4.48,"XRP Up or Down - March 21, 2:55PM-3:00PM ET"
1774119421,2026-03-21 18:57:01,BUY,Up,0.63,1.86,1.1718000000000002,"XRP Up or Down - March 21, 2:55PM-3:00PM ET"
1774119421,2026-03-21 18:57:01,BUY,Up,0.6300001129473934,5.135134,3.235135,"XRP Up or Down - March 21, 2:55PM-3:00PM ET"
1774119421,2026-03-21 18:57:01,BUY,Up,0.61,1.0,0.61,"XRP Up or Down - March 21, 2:55PM-3:00PM ET"
1774119421,2026-03-21 18:57:01,BUY,Up,0.62,7.0,4.34,"XRP Up or Down - March 21, 2:55PM-3:00PM ET"
1774119421,2026-03-21 18:57:01,BUY,Up,0.62,7.88899,4.8911738,"XRP Up or Down - March 21, 2:55PM-3:00PM ET"
1774119421,2026-03-21 18:57:01,BUY,Up,0.71,35.0,24.849999999999998,"Ethereum Up or Down - March 21, 2:55PM-3:00PM ET"
1774119421,2026-03-21 18:57:01,BUY,Up,0.6,2.0,1.2,"XRP Up or Down - March 21, 2:55PM-3:00PM ET"
1774119421,2026-03-21 18:57:01,BUY,Up,0.61,6.0,3.66,"XRP Up or Down - March 21, 2:55PM-3:00PM ET"
1774119425,2026-03-21 18:57:05,BUY,Up,0.74,1.33,0.9842000000000001,"Ethereum Up or Down - March 21, 2:55PM-3:00PM ET"
1774119425,2026-03-21 18:57:05,BUY,Up,0.74,16.0,11.84,"Ethereum Up or Down - March 21, 2:55PM-3:00PM ET"
1774119425,2026-03-21 18:57:05,BUY,Up,0.74,17.67,13.075800000000001,"Ethereum Up or Down - March 21, 2:55PM-3:00PM ET"
1774119427,2026-03-21 18:57:07,BUY,Up,0.72,16.28,11.7216,"Ethereum Up or Down - March 21, 2:55PM-3:00PM ET"
1774119427,2026-03-21 18:57:07,BUY,Up,0.72,10.0,7.199999999999999,"Ethereum Up or Down - March 21, 2:55PM-3:00PM ET"
1774119427,2026-03-21 18:57:07,BUY,Up,0.74,16.0,11.84,"Ethereum Up or Down - March 21, 2:55PM-3:00PM ET"
1774119427,2026-03-21 18:57:07,BUY,Up,0.62,1.39,0.8617999999999999,"XRP Up or Down - March 21, 2:55PM-3:00PM ET"
1774119429,2026-03-21 18:57:09,BUY,Up,0.7200000596721429,8.714284,6.274284999999999,"Ethereum Up or Down - March 21, 2:55PM-3:00PM ET"
1774119429,2026-03-21 18:57:09,BUY,Up,0.7100000928000322,5.172412,3.6724129999999997,"Ethereum Up or Down - March 21, 2:55PM-3:00PM ET"
1774119431,2026-03-21 18:57:11,BUY,Up,0.7100000928000322,5.172412,3.6724129999999997,"Ethereum Up or Down - March 21, 2:55PM-3:00PM ET"
1774119431,2026-03-21 18:57:11,BUY,Up,0.72,20.78663,14.966373599999999,"Ethereum Up or Down - March 21, 2:55PM-3:00PM ET"
1774119435,2026-03-21 18:57:15,BUY,Up,0.51,7.0,3.5700000000000003,"XRP Up or Down - March 21, 2:55PM-3:00PM ET"
1774119435,2026-03-21 18:57:15,BUY,Up,0.75,17.108310000000003,12.831232500000002,"Ethereum Up or Down - March 21, 2:55PM-3:00PM ET"
1774119435,2026-03-21 18:57:15,BUY,Down,0.45,5.9,2.6550000000000002,"XRP Up or Down - March 21, 2:55PM-3:00PM ET"
1774119435,2026-03-21 18:57:15,BUY,Up,0.5100000702641674,5.408162,2.758163,"XRP Up or Down - March 21, 2:55PM-3:00PM ET"
1774119435,2026-03-21 18:57:15,BUY,Up,0.49,7.0,3.4299999999999997,"XRP Up or Down - March 21, 2:55PM-3:00PM ET"
1774119437,2026-03-21 18:57:17,BUY,Down,0.46,7.0,3.22,"XRP Up or Down - March 21, 2:55PM-3:00PM ET"
1774119437,2026-03-21 18:57:17,BUY,Up,0.76,21.47985,16.324686,"Ethereum Up or Down - March 21, 2:55PM-3:00PM ET"
1774119439,2026-03-21 18:57:19,BUY,Up,0.5099999712913829,5.829116999999999,2.9728495026541113,"XRP Up or Down - March 21, 2:55PM-3:00PM ET"
1774119439,2026-03-21 18:57:19,BUY,Up,0.5001923008754209,7.025743,3.5142225565293823,"XRP Up or Down - March 21, 2:55PM-3:00PM ET"
1774119439,2026-03-21 18:57:19,BUY,Up,0.5,7.0,3.5,"XRP Up or Down - March 21, 2:55PM-3:00PM ET"
1774119489,2026-03-21 18:58:09,BUY,Up,0.74,6.75689,5.0000986,"Ethereum Up or Down - March 21, 2:55PM-3:00PM ET"
1774119507,2026-03-21 18:58:27,BUY,Up,0.7699999870859514,12.292468000000001,9.465200201254472,"Ethereum Up or Down - March 21, 2:55PM-3:00PM ET"
1774119511,2026-03-21 18:58:31,BUY,Down,0.37999991857141696,7.266170000000001,2.761144008326073,"XRP Up or Down - March 21, 2:55PM-3:00PM ET"
1774119511,2026-03-21 18:58:31,BUY,Down,0.37999991857141696,7.266170000000001,2.761144008326073,"XRP Up or Down - March 21, 2:55PM-3:00PM ET"
1774119511,2026-03-21 18:58:31,BUY,Down,0.37999991857141696,7.266170000000001,2.761144008326073,"XRP Up or Down - March 21, 2:55PM-3:00PM ET"
1774119511,2026-03-21 18:58:31,BUY,Down,0.3799999664212057,17.62047,6.6957780083258625,"XRP Up or Down - March 21, 2:55PM-3:00PM ET"
1774119511,2026-03-21 18:58:31,BUY,Down,0.36,7.0,2.52,"XRP Up or Down - March 21, 2:55PM-3:00PM ET"
1774119511,2026-03-21 18:58:31,BUY,Down,0.42,0.36,0.1512,"XRP Up or Down - March 21, 2:55PM-3:00PM ET"
1774119511,2026-03-21 18:58:31,BUY,Down,0.4200000602597497,6.63793,2.787931,"XRP Up or Down - March 21, 2:55PM-3:00PM ET"
1774119513,2026-03-21 18:58:33,BUY,Down,0.389999952105248,5.763442,2.247742103961375,"XRP Up or Down - March 21, 2:55PM-3:00PM ET"
1774119513,2026-03-21 18:58:33,BUY,Down,0.38999992345792317,5.409548,2.1097233059419613,"XRP Up or Down - March 21, 2:55PM-3:00PM ET"
1774119513,2026-03-21 18:58:33,BUY,Down,0.3841744287823167,10.189245,3.914447377598077,"XRP Up or Down - March 21, 2:55PM-3:00PM ET"
1774119513,2026-03-21 18:58:33,BUY,Down,0.3899999542045335,6.673459,2.6026487043858317,"XRP Up or Down - March 21, 2:55PM-3:00PM ET"
1774119531,2026-03-21 18:58:51,BUY,Down,0.15000000411821823,12.141173,1.8211760000000001,"Ethereum Up or Down - March 21, 2:55PM-3:00PM ET"
1774119531,2026-03-21 18:58:51,BUY,Down,0.15,0.64,0.096,"Ethereum Up or Down - March 21, 2:55PM-3:00PM ET"
1774119531,2026-03-21 18:58:51,BUY,Down,0.15000001647287428,6.070586,0.910588,"Ethereum Up or Down - March 21, 2:55PM-3:00PM ET"
1774119531,2026-03-21 18:58:51,BUY,Down,0.15000000619985634,16.129406,2.419411,"Ethereum Up or Down - March 21, 2:55PM-3:00PM ET"
1774119557,2026-03-21 18:59:17,BUY,Down,0.12,35.0,4.2,"Ethereum Up or Down - March 21, 2:55PM-3:00PM ET"
1774119565,2026-03-21 18:59:25,BUY,Down,0.1100000038279578,10.449436,1.149438,"Ethereum Up or Down - March 21, 2:55PM-3:00PM ET"
1774119567,2026-03-21 18:59:27,BUY,Down,0.1100000890004361,1.12359,0.12359500000000001,"Ethereum Up or Down - March 21, 2:55PM-3:00PM ET"
1774119567,2026-03-21 18:59:27,BUY,Down,0.11000001424001402,5.617972,0.617977,"Ethereum Up or Down - March 21, 2:55PM-3:00PM ET"
1774119567,2026-03-21 18:59:27,BUY,Down,0.1100000053400005,11.235954,1.235955,"Ethereum Up or Down - March 21, 2:55PM-3:00PM ET"
1774119569,2026-03-21 18:59:29,BUY,Down,0.11000000164814998,6.067409,0.667415,"Ethereum Up or Down - March 21, 2:55PM-3:00PM ET"
1774119575,2026-03-21 18:59:35,BUY,Up,0.96,5.85,5.616,"XRP Up or Down - March 21, 2:55PM-3:00PM ET"
1774119577,2026-03-21 18:59:37,BUY,Down,0.09,33.54,3.0185999999999997,"Ethereum Up or Down - March 21, 2:55PM-3:00PM ET"
1774119577,2026-03-21 18:59:37,BUY,Down,0.09000004795252974,1.459777,0.13138,"Ethereum Up or Down - March 21, 2:55PM-3:00PM ET"
1774119579,2026-03-21 18:59:39,BUY,Up,0.97,7.0,6.79,"XRP Up or Down - March 21, 2:55PM-3:00PM ET"
1774119581,2026-03-21 18:59:41,BUY,Up,0.97,7.0,6.79,"XRP Up or Down - March 21, 2:55PM-3:00PM ET"
1774119583,2026-03-21 18:59:43,BUY,Up,0.97,7.0,6.79,"XRP Up or Down - March 21, 2:55PM-3:00PM ET"
1774119583,2026-03-21 18:59:43,BUY,Up,0.98,7.0,6.859999999999999,"XRP Up or Down - March 21, 2:55PM-3:00PM ET"
1774119583,2026-03-21 18:59:43,BUY,Down,0.07,10.0,0.7000000000000001,"Ethereum Up or Down - March 21, 2:55PM-3:00PM ET"
1774119587,2026-03-21 18:59:47,BUY,Up,0.99,9.99976,9.8997624,"XRP Up or Down - March 21, 2:55PM-3:00PM ET"
1774119587,2026-03-21 18:59:47,BUY,Up,0.99,9.99976,9.8997624,"XRP Up or Down - March 21, 2:55PM-3:00PM ET"
1774119589,2026-03-21 18:59:49,BUY,Down,0.06,24.98012,1.4988072,"Ethereum Up or Down - March 21, 2:55PM-3:00PM ET"
1774119591,2026-03-21 18:59:51,BUY,Up,0.98,7.0,6.859999999999999,"XRP Up or Down - March 21, 2:55PM-3:00PM ET"
1774119595,2026-03-21 18:59:55,BUY,Down,0.04,5.18,0.2072,"Ethereum Up or Down - March 21, 2:55PM-3:00PM ET"
1774119595,2026-03-21 18:59:55,BUY,Down,0.04,4.23,0.16920000000000002,"Ethereum Up or Down - March 21, 2:55PM-3:00PM ET"
1774119609,2026-03-21 19:00:09,BUY,Up,0.71,35.0,24.849999999999998,"Ethereum Up or Down - March 21, 3:00PM-3:05PM ET"
1774119609,2026-03-21 19:00:09,BUY,Down,0.34,35.0,11.9,"Ethereum Up or Down - March 21, 3:00PM-3:05PM ET"
1774119609,2026-03-21 19:00:09,BUY,Up,0.72,25.0,18.0,"Ethereum Up or Down - March 21, 3:00PM-3:05PM ET"
1774119609,2026-03-21 19:00:09,BUY,Up,0.72,10.0,7.199999999999999,"Ethereum Up or Down - March 21, 3:00PM-3:05PM ET"
1774119609,2026-03-21 19:00:09,BUY,Down,0.38,1.0,0.38,"XRP Up or Down - March 21, 3:00PM-3:05PM ET"
1774119609,2026-03-21 19:00:09,BUY,Down,0.39,7.0,2.73,"XRP Up or Down - March 21, 3:00PM-3:05PM ET"
1774119609,2026-03-21 19:00:09,BUY,Down,0.4,7.0,2.8000000000000003,"XRP Up or Down - March 21, 3:00PM-3:05PM ET"
1774119611,2026-03-21 19:00:11,BUY,Down,0.27,23.27,6.282900000000001,"Ethereum Up or Down - March 21, 3:00PM-3:05PM ET"
1774119611,2026-03-21 19:00:11,BUY,Up,0.72,6.0,4.32,"Ethereum Up or Down - March 21, 3:00PM-3:05PM ET"
1774119611,2026-03-21 19:00:11,BUY,Up,0.72,12.0,8.64,"Ethereum Up or Down - March 21, 3:00PM-3:05PM ET"
1774119611,2026-03-21 19:00:11,BUY,Down,0.270000032120005,6.849314,1.8493149999999998,"Ethereum Up or Down - March 21, 3:00PM-3:05PM ET"
1774119611,2026-03-21 19:00:11,BUY,Down,0.27,11.73,3.1671000000000005,"Ethereum Up or Down - March 21, 3:00PM-3:05PM ET"
1774119613,2026-03-21 19:00:13,BUY,Up,0.75,36.080079999999995,27.060059999999996,"Ethereum Up or Down - March 21, 3:00PM-3:05PM ET"
1774119613,2026-03-21 19:00:13,BUY,Up,0.75,28.11075,21.0830625,"Ethereum Up or Down - March 21, 3:00PM-3:05PM ET"
1774119613,2026-03-21 19:00:13,BUY,Up,0.75,36.080079999999995,27.060059999999996,"Ethereum Up or Down - March 21, 3:00PM-3:05PM ET"
1774119613,2026-03-21 19:00:13,BUY,Up,0.7385409289432623,76.99631699999999,56.86493148238989,"Ethereum Up or Down - March 21, 3:00PM-3:05PM ET"
1774119613,2026-03-21 19:00:13,BUY,Up,0.75,7.05743,5.2930725,"Ethereum Up or Down - March 21, 3:00PM-3:05PM ET"
1774119615,2026-03-21 19:00:15,BUY,Up,0.5400000648962834,5.239129,2.82913,"XRP Up or Down - March 21, 3:00PM-3:05PM ET"
1774119617,2026-03-21 19:00:17,BUY,Up,0.5300002790983264,0.537445,0.284846,"XRP Up or Down - March 21, 3:00PM-3:05PM ET"
1774119617,2026-03-21 19:00:17,BUY,Up,0.54,1.76,0.9504,"XRP Up or Down - March 21, 3:00PM-3:05PM ET"
1774119617,2026-03-21 19:00:17,,,0.0,122.530503,0.0,"XRP Up or Down - March 21, 2:50PM-2:55PM ET"
1774119617,2026-03-21 19:00:17,,,0.0,290.831953,0.0,"Ethereum Up or Down - March 21, 2:50PM-2:55PM ET"
1774119617,2026-03-21 19:00:17,BUY,Up,0.53,5.0,2.6500000000000004,"XRP Up or Down - March 21, 3:00PM-3:05PM ET"
1774119621,2026-03-21 19:00:21,BUY,Up,0.3700000420000099,5.238094,1.938095,"XRP Up or Down - March 21, 3:00PM-3:05PM ET"
1774119621,2026-03-21 19:00:21,BUY,Up,0.37,1.76,0.6512,"XRP Up or Down - March 21, 3:00PM-3:05PM ET"
1774119621,2026-03-21 19:00:21,BUY,Up,0.309999974897171,24.809713,7.691010407206017,"XRP Up or Down - March 21, 3:00PM-3:05PM ET"
1774119621,2026-03-21 19:00:21,BUY,Up,0.38,5.80645,2.206451,"XRP Up or Down - March 21, 3:00PM-3:05PM ET"
1774119621,2026-03-21 19:00:21,BUY,Up,0.38,1.19,0.4522,"XRP Up or Down - March 21, 3:00PM-3:05PM ET"
1774119633,2026-03-21 19:00:33,BUY,Down,0.29,28.69264,8.3208656,"Ethereum Up or Down - March 21, 3:00PM-3:05PM ET"
1774119633,2026-03-21 19:00:33,BUY,Down,0.28,35.88168,10.046870400000001,"Ethereum Up or Down - March 21, 3:00PM-3:05PM ET"
1774119633,2026-03-21 19:00:33,BUY,Down,0.28,35.88168,10.046870400000001,"Ethereum Up or Down - March 21, 3:00PM-3:05PM ET"
1774119633,2026-03-21 19:00:33,BUY,Down,0.28,103.93314,29.1012792,"Ethereum Up or Down - March 21, 3:00PM-3:05PM ET"
1774119635,2026-03-21 19:00:35,BUY,Down,0.29,2.6,0.754,"Ethereum Up or Down - March 21, 3:00PM-3:05PM ET"
1774119635,2026-03-21 19:00:35,BUY,Down,0.29,32.4,9.395999999999999,"Ethereum Up or Down - March 21, 3:00PM-3:05PM ET"
1774119639,2026-03-21 19:00:39,BUY,Up,0.5100001715001115,2.040815,1.040816,"Ethereum Up or Down - March 21, 3:00PM-3:05PM ET"
1774119639,2026-03-21 19:00:39,BUY,Down,0.28,24.32,6.8096000000000005,"Ethereum Up or Down - March 21, 3:00PM-3:05PM ET"
1774119639,2026-03-21 19:00:39,BUY,Down,0.44,4.92411,2.1666084,"Ethereum Up or Down - March 21, 3:00PM-3:05PM ET"
1774119641,2026-03-21 19:00:41,BUY,Down,0.78,7.0,5.46,"XRP Up or Down - March 21, 3:00PM-3:05PM ET"
1774119641,2026-03-21 19:00:41,BUY,Down,0.79,7.0,5.53,"XRP Up or Down - March 21, 3:00PM-3:05PM ET"
1774119641,2026-03-21 19:00:41,BUY,Down,0.8,7.0,5.6000000000000005,"XRP Up or Down - March 21, 3:00PM-3:05PM ET"
1774119641,2026-03-21 19:00:41,BUY,Up,0.5100002053334428,2.142856,1.092857,"Ethereum Up or Down - March 21, 3:00PM-3:05PM ET"
1774119641,2026-03-21 19:00:41,BUY,Up,0.51,2.24,1.1424,"Ethereum Up or Down - March 21, 3:00PM-3:05PM ET"
1774119647,2026-03-21 19:00:47,BUY,Down,0.78,7.0,5.46,"XRP Up or Down - March 21, 3:00PM-3:05PM ET"
1774119647,2026-03-21 19:00:47,BUY,Down,0.79,7.0,5.53,"XRP Up or Down - March 21, 3:00PM-3:05PM ET"
1774119647,2026-03-21 19:00:47,BUY,Down,0.8,7.0,5.6000000000000005,"XRP Up or Down - March 21, 3:00PM-3:05PM ET"
1774119649,2026-03-21 19:00:49,BUY,Up,0.21,9.9312,2.085552,"XRP Up or Down - March 21, 3:00PM-3:05PM ET"
1774119649,2026-03-21 19:00:49,BUY,Up,0.2999999720149228,17.669695,5.3009080055122215,"XRP Up or Down - March 21, 3:00PM-3:05PM ET"
1774119649,2026-03-21 19:00:49,BUY,Up,0.29,7.0,2.03,"XRP Up or Down - March 21, 3:00PM-3:05PM ET"
1774119649,2026-03-21 19:00:49,BUY,Up,0.2700004797153411,0.479451,0.129452,"XRP Up or Down - March 21, 3:00PM-3:05PM ET"
1774119649,2026-03-21 19:00:49,BUY,Up,0.28,7.0,1.9600000000000002,"XRP Up or Down - March 21, 3:00PM-3:05PM ET"
1774119649,2026-03-21 19:00:49,BUY,Down,0.73,5.52,4.029599999999999,"XRP Up or Down - March 21, 3:00PM-3:05PM ET"
1774119651,2026-03-21 19:00:51,BUY,Up,0.34999993859647505,6.430004,2.250501005175089,"XRP Up or Down - March 21, 3:00PM-3:05PM ET"
1774119653,2026-03-21 19:00:53,BUY,Down,0.44,4.92411,2.1666084,"Ethereum Up or Down - March 21, 3:00PM-3:05PM ET"
1774119663,2026-03-21 19:01:03,BUY,Down,0.65,7.0,4.55,"XRP Up or Down - March 21, 3:00PM-3:05PM ET"
1774119667,2026-03-21 19:01:07,BUY,Down,0.64,0.7,0.44799999999999995,"XRP Up or Down - March 21, 3:00PM-3:05PM ET"
1774119669,2026-03-21 19:01:09,BUY,Down,0.65,1.03,0.6695000000000001,"XRP Up or Down - March 21, 3:00PM-3:05PM ET"
1774119679,2026-03-21 19:01:19,BUY,Down,0.65,5.97,3.8805,"XRP Up or Down - March 21, 3:00PM-3:05PM ET"
1774119681,2026-03-21 19:01:21,BUY,Down,0.64,6.0,3.84,"XRP Up or Down - March 21, 3:00PM-3:05PM ET"
1774119687,2026-03-21 19:01:27,BUY,Down,0.64,0.74005,0.473632,"XRP Up or Down - March 21, 3:00PM-3:05PM ET"
1774119695,2026-03-21 19:01:35,BUY,Up,0.69,30.64542,21.1453398,"Ethereum Up or Down - March 21, 3:00PM-3:05PM ET"
1774119695,2026-03-21 19:01:35,BUY,Up,0.69,34.59966,23.8737654,"Ethereum Up or Down - March 21, 3:00PM-3:05PM ET"
1774119695,2026-03-21 19:01:35,BUY,Up,0.6799999988737059,35.094303,23.86412600047349,"Ethereum Up or Down - March 21, 3:00PM-3:05PM ET"
1774119695,2026-03-21 19:01:35,BUY,Down,0.510000072331161,3.456325,1.762726,"XRP Up or Down - March 21, 3:00PM-3:05PM ET"
1774119695,2026-03-21 19:01:35,BUY,Down,0.52,1.68,0.8736,"XRP Up or Down - March 21, 3:00PM-3:05PM ET"
1774119695,2026-03-21 19:01:35,BUY,Down,0.52,5.3125,2.7625,"XRP Up or Down - March 21, 3:00PM-3:05PM ET"
1774119695,2026-03-21 19:01:35,BUY,Down,0.3599999936582501,93.35553,33.60799020796257,"Ethereum Up or Down - March 21, 3:00PM-3:05PM ET"
1774119697,2026-03-21 19:01:37,BUY,Up,0.75,17.64356,13.23267,"Ethereum Up or Down - March 21, 3:00PM-3:05PM ET"
1774119697,2026-03-21 19:01:37,BUY,Down,0.269999994543486,101.632888,27.440879205438723,"Ethereum Up or Down - March 21, 3:00PM-3:05PM ET"
1774119697,2026-03-21 19:01:37,BUY,Down,0.52,5.601380000000001,2.9127176000000006,"XRP Up or Down - March 21, 3:00PM-3:05PM ET"
1774119697,2026-03-21 19:01:37,BUY,Down,0.52,33.886934999999994,17.621206199999996,"XRP Up or Down - March 21, 3:00PM-3:05PM ET"
1774119697,2026-03-21 19:01:37,BUY,Up,0.69,34.59966,23.8737654,"Ethereum Up or Down - March 21, 3:00PM-3:05PM ET"
1774119699,2026-03-21 19:01:39,BUY,Up,0.7700000246140368,24.782607,19.082608,"Ethereum Up or Down - March 21, 3:00PM-3:05PM ET"
1774119701,2026-03-21 19:01:41,BUY,Up,0.78,2.55109,1.9898502,"Ethereum Up or Down - March 21, 3:00PM-3:05PM ET"
1774119703,2026-03-21 19:01:43,BUY,Up,0.9,12.40483,11.164347000000001,"Ethereum Up or Down - March 21, 3:00PM-3:05PM ET"
1774119703,2026-03-21 19:01:43,BUY,Up,0.87,21.76,18.9312,"Ethereum Up or Down - March 21, 3:00PM-3:05PM ET"
1774119705,2026-03-21 19:01:45,BUY,Up,0.9,33.0,29.7,"Ethereum Up or Down - March 21, 3:00PM-3:05PM ET"
1774119707,2026-03-21 19:01:47,BUY,Up,0.9,1.62,1.4580000000000002,"Ethereum Up or Down - March 21, 3:00PM-3:05PM ET"
1774119707,2026-03-21 19:01:47,BUY,Up,0.9,2.0,1.8,"Ethereum Up or Down - March 21, 3:00PM-3:05PM ET"
1774119709,2026-03-21 19:01:49,BUY,Up,0.9,10.0,9.0,"Ethereum Up or Down - March 21, 3:00PM-3:05PM ET"
1774119709,2026-03-21 19:01:49,BUY,Up,0.9,1.75,1.575,"Ethereum Up or Down - March 21, 3:00PM-3:05PM ET"
1774119711,2026-03-21 19:01:51,BUY,Up,0.9,21.63,19.467,"Ethereum Up or Down - March 21, 3:00PM-3:05PM ET"
1774119711,2026-03-21 19:01:51,BUY,Up,0.8600001176000188,7.142856,6.142857,"Ethereum Up or Down - March 21, 3:00PM-3:05PM ET"
1774119715,2026-03-21 19:01:55,BUY,Up,0.86,12.06,10.3716,"Ethereum Up or Down - March 21, 3:00PM-3:05PM ET"
1774119715,2026-03-21 19:01:55,BUY,Up,0.86,3.86,3.3196,"Ethereum Up or Down - March 21, 3:00PM-3:05PM ET"
1774119715,2026-03-21 19:01:55,BUY,Up,0.8600000670658763,11.92857,10.258571,"Ethereum Up or Down - March 21, 3:00PM-3:05PM ET"
1774119717,2026-03-21 19:01:57,BUY,Down,0.12,3.8,0.45599999999999996,"Ethereum Up or Down - March 21, 3:00PM-3:05PM ET"
1774119723,2026-03-21 19:02:03,,,0.0,545.395092,0.0,"Ethereum Up or Down - March 21, 3:00PM-3:05PM ET"
1774119725,2026-03-21 19:02:05,BUY,Down,0.1500000283333796,3.529406,0.529411,"Ethereum Up or Down - March 21, 3:00PM-3:05PM ET"
1774119725,2026-03-21 19:02:05,BUY,Down,0.15,9.2,1.38,"Ethereum Up or Down - March 21, 3:00PM-3:05PM ET"
1774119725,2026-03-21 19:02:05,BUY,Down,0.14,4.6279,0.6479060000000001,"Ethereum Up or Down - March 21, 3:00PM-3:05PM ET"
1774119727,2026-03-21 19:02:07,BUY,Up,0.8300039455802195,0.205293,0.17039400000000002,"Ethereum Up or Down - March 21, 3:00PM-3:05PM ET"
1774119727,2026-03-21 19:02:07,BUY,Down,0.15,0.74,0.111,"Ethereum Up or Down - March 21, 3:00PM-3:05PM ET"
1774119727,2026-03-21 19:02:07,BUY,Down,0.15000001364367044,7.329406,1.099411,"Ethereum Up or Down - March 21, 3:00PM-3:05PM ET"
1774119727,2026-03-21 19:02:07,BUY,Down,0.15,6.0,0.8999999999999999,"Ethereum Up or Down - March 21, 3:00PM-3:05PM ET"
1774119727,2026-03-21 19:02:07,BUY,Down,0.15,2.0,0.3,"Ethereum Up or Down - March 21, 3:00PM-3:05PM ET"
1774119727,2026-03-21 19:02:07,BUY,Down,0.1500000283333796,3.529406,0.529411,"Ethereum Up or Down - March 21, 3:00PM-3:05PM ET"
1774119729,2026-03-21 19:02:09,BUY,Up,0.84,7.03,5.9052,"Ethereum Up or Down - March 21, 3:00PM-3:05PM ET"
1774119731,2026-03-21 19:02:11,BUY,Up,0.8300001360000423,5.294116,4.394117,"Ethereum Up or Down - March 21, 3:00PM-3:05PM ET"
1774119737,2026-03-21 19:02:17,BUY,Up,0.87,33.45268,29.1038316,"Ethereum Up or Down - March 21, 3:00PM-3:05PM ET"
1774119737,2026-03-21 19:02:17,BUY,Up,0.86,2.14,1.8404,"Ethereum Up or Down - March 21, 3:00PM-3:05PM ET"
1774119745,2026-03-21 19:02:25,BUY,Up,0.58,7.0,4.06,"XRP Up or Down - March 21, 3:00PM-3:05PM ET"
1774119749,2026-03-21 19:02:29,BUY,Down,0.11000012624827987,0.158418,0.017426,"Ethereum Up or Down - March 21, 3:00PM-3:05PM ET"
1774119751,2026-03-21 19:02:31,BUY,Up,0.6,30.01152,18.006912,"XRP Up or Down - March 21, 3:00PM-3:05PM ET"
1774119751,2026-03-21 19:02:31,BUY,Up,0.59,28.61518,16.8829562,"XRP Up or Down - March 21, 3:00PM-3:05PM ET"
1774119753,2026-03-21 19:02:33,BUY,Down,0.07,8.51,0.5957,"Ethereum Up or Down - March 21, 3:00PM-3:05PM ET"
1774119753,2026-03-21 19:02:33,BUY,Down,0.07000000139500034,21.505371,1.505376,"Ethereum Up or Down - March 21, 3:00PM-3:05PM ET"
1774119753,2026-03-21 19:02:33,BUY,Down,0.07000000930010221,1.075257,0.07526799999999999,"Ethereum Up or Down - March 21, 3:00PM-3:05PM ET"
1774119753,2026-03-21 19:02:33,BUY,Down,0.07,3.26,0.22820000000000001,"Ethereum Up or Down - March 21, 3:00PM-3:05PM ET"
1774119753,2026-03-21 19:02:33,BUY,Up,0.6,7.24416,4.346496,"XRP Up or Down - March 21, 3:00PM-3:05PM ET"
1774119755,2026-03-21 19:02:35,BUY,Down,0.07,0.64,0.044800000000000006,"Ethereum Up or Down - March 21, 3:00PM-3:05PM ET"
1774119771,2026-03-21 19:02:51,BUY,Down,0.3700000819000303,3.174602,1.174603,"XRP Up or Down - March 21, 3:00PM-3:05PM ET"
1774119773,2026-03-21 19:02:53,BUY,Down,0.3600000087270772,4.583436,1.6500369999999998,"XRP Up or Down - March 21, 3:00PM-3:05PM ET"
1774119773,2026-03-21 19:02:53,BUY,Down,0.37,3.82,1.4134,"XRP Up or Down - March 21, 3:00PM-3:05PM ET"
1774119783,2026-03-21 19:03:03,BUY,Down,0.38,7.0,2.66,"XRP Up or Down - March 21, 3:00PM-3:05PM ET"
1774119787,2026-03-21 19:03:07,BUY,Up,0.19,3.84,0.7296,"XRP Up or Down - March 21, 3:00PM-3:05PM ET"
1774119787,2026-03-21 19:03:07,BUY,Up,0.2,5.125,1.0250000000000001,"XRP Up or Down - March 21, 3:00PM-3:05PM ET"
1774119787,2026-03-21 19:03:07,BUY,Up,0.1900000126859925,3.153084,0.599086,"XRP Up or Down - March 21, 3:00PM-3:05PM ET"
1774119787,2026-03-21 19:03:07,BUY,Up,0.2,1.87,0.37400000000000005,"XRP Up or Down - March 21, 3:00PM-3:05PM ET"
1774119791,2026-03-21 19:03:11,BUY,Up,0.36,1.5625,0.5625,"XRP Up or Down - March 21, 3:00PM-3:05PM ET"
1774119791,2026-03-21 19:03:11,BUY,Up,0.34,1.45,0.493,"XRP Up or Down - March 21, 3:00PM-3:05PM ET"
1774119791,2026-03-21 19:03:11,BUY,Down,0.56,7.0,3.9200000000000004,"XRP Up or Down - March 21, 3:00PM-3:05PM ET"
1774119791,2026-03-21 19:03:11,BUY,Down,0.72,3.72,2.6784,"XRP Up or Down - March 21, 3:00PM-3:05PM ET"
1774119791,2026-03-21 19:03:11,BUY,Up,0.42,1.70434,0.7158228,"XRP Up or Down - March 21, 3:00PM-3:05PM ET"
1774119791,2026-03-21 19:03:11,BUY,Down,0.7200002079284334,3.270356,2.354657,"XRP Up or Down - March 21, 3:00PM-3:05PM ET"
1774119791,2026-03-21 19:03:11,BUY,Up,0.9,1.75644,1.580796,"Ethereum Up or Down - March 21, 3:00PM-3:05PM ET"
1774119793,2026-03-21 19:03:13,BUY,Up,0.34,5.04,1.7136000000000002,"XRP Up or Down - March 21, 3:00PM-3:05PM ET"
1774119793,2026-03-21 19:03:13,BUY,Up,0.36,7.0,2.52,"XRP Up or Down - March 21, 3:00PM-3:05PM ET"
1774119795,2026-03-21 19:03:15,BUY,Up,0.36,5.90625,2.1262499999999998,"XRP Up or Down - March 21, 3:00PM-3:05PM ET"
1774119795,2026-03-21 19:03:15,BUY,Down,0.5800001190551781,3.023808,1.753809,"XRP Up or Down - March 21, 3:00PM-3:05PM ET"
1774119795,2026-03-21 19:03:15,BUY,Down,0.59,7.0,4.13,"XRP Up or Down - March 21, 3:00PM-3:05PM ET"
1774119795,2026-03-21 19:03:15,BUY,Down,0.6,7.0,4.2,"XRP Up or Down - March 21, 3:00PM-3:05PM ET"
1774119795,2026-03-21 19:03:15,BUY,Down,0.6,5.0,3.0,"XRP Up or Down - March 21, 3:00PM-3:05PM ET"
1774119797,2026-03-21 19:03:17,BUY,Up,0.25,5.0,1.25,"XRP Up or Down - March 21, 3:00PM-3:05PM ET"
1774119797,2026-03-21 19:03:17,BUY,Up,0.2699999217550928,8.985953,2.4262066068949415,"XRP Up or Down - March 21, 3:00PM-3:05PM ET"
1774119799,2026-03-21 19:03:19,BUY,Down,0.74,6.25,4.625,"XRP Up or Down - March 21, 3:00PM-3:05PM ET"
1774119801,2026-03-21 19:03:21,BUY,Down,0.74,0.75,0.5549999999999999,"XRP Up or Down - March 21, 3:00PM-3:05PM ET"
1774119807,2026-03-21 19:03:27,BUY,Down,0.72,7.0,5.04,"XRP Up or Down - March 21, 3:00PM-3:05PM ET"
1774119807,2026-03-21 19:03:27,BUY,Down,0.73,7.0,5.109999999999999,"XRP Up or Down - March 21, 3:00PM-3:05PM ET"
1774119807,2026-03-21 19:03:27,BUY,Down,0.74,7.0,5.18,"XRP Up or Down - March 21, 3:00PM-3:05PM ET"
1774119809,2026-03-21 19:03:29,BUY,Down,0.7400001010285899,6.730768,4.9807690000000004,"XRP Up or Down - March 21, 3:00PM-3:05PM ET"
1774119809,2026-03-21 19:03:29,BUY,Down,0.75,7.0,5.25,"XRP Up or Down - March 21, 3:00PM-3:05PM ET"
1774119809,2026-03-21 19:03:29,BUY,Up,0.23000003655064274,4.103895,0.943896,"XRP Up or Down - March 21, 3:00PM-3:05PM ET"
1774119809,2026-03-21 19:03:29,BUY,Up,0.23,2.89,0.6647000000000001,"XRP Up or Down - March 21, 3:00PM-3:05PM ET"
1774119809,2026-03-21 19:03:29,BUY,Down,0.74,0.26,0.19240000000000002,"XRP Up or Down - March 21, 3:00PM-3:05PM ET"
1774119813,2026-03-21 19:03:33,BUY,Up,0.23,22.81966,5.2485218,"XRP Up or Down - March 21, 3:00PM-3:05PM ET"
1774119813,2026-03-21 19:03:33,BUY,Up,0.22,2.0,0.44,"XRP Up or Down - March 21, 3:00PM-3:05PM ET"
1774119817,2026-03-21 19:03:37,BUY,Up,0.22,6.94847,1.5286634000000001,"XRP Up or Down - March 21, 3:00PM-3:05PM ET"
1774119819,2026-03-21 19:03:39,BUY,Up,0.89,18.05,16.064500000000002,"Ethereum Up or Down - March 21, 3:00PM-3:05PM ET"
1774119819,2026-03-21 19:03:39,BUY,Up,0.88,12.75,11.22,"Ethereum Up or Down - March 21, 3:00PM-3:05PM ET"
1774119819,2026-03-21 19:03:39,BUY,Up,0.89,5.95,5.2955000000000005,"Ethereum Up or Down - March 21, 3:00PM-3:05PM ET"
1774119819,2026-03-21 19:03:39,BUY,Up,0.2,4.968,0.9936,"XRP Up or Down - March 21, 3:00PM-3:05PM ET"
1774119819,2026-03-21 19:03:39,BUY,Up,0.89,11.0,9.790000000000001,"Ethereum Up or Down - March 21, 3:00PM-3:05PM ET"
1774119823,2026-03-21 19:03:43,BUY,Up,0.8899999998709209,77.286279,68.78478830002395,"Ethereum Up or Down - March 21, 3:00PM-3:05PM ET"
1774119825,2026-03-21 19:03:45,BUY,Up,0.89,12.76933,11.3647037,"Ethereum Up or Down - March 21, 3:00PM-3:05PM ET"
1774119825,2026-03-21 19:03:45,BUY,Down,0.09,14.2,1.2779999999999998,"Ethereum Up or Down - March 21, 3:00PM-3:05PM ET"
1774119833,2026-03-21 19:03:53,BUY,Down,0.09,12.71,1.1439000000000001,"Ethereum Up or Down - March 21, 3:00PM-3:05PM ET"
1774119843,2026-03-21 19:04:03,BUY,Down,0.08000000960837005,4.163037,0.33304300000000003,"Ethereum Up or Down - March 21, 3:00PM-3:05PM ET"
1774119843,2026-03-21 19:04:03,BUY,Down,0.08,5.0,0.4,"Ethereum Up or Down - March 21, 3:00PM-3:05PM ET"
1774119845,2026-03-21 19:04:05,BUY,Down,0.08,1.08695,0.086956,"Ethereum Up or Down - March 21, 3:00PM-3:05PM ET"
1774119845,2026-03-21 19:04:05,BUY,Down,0.08,10.0,0.8,"Ethereum Up or Down - March 21, 3:00PM-3:05PM ET"
1774119845,2026-03-21 19:04:05,BUY,Down,0.08,2.0,0.16,"Ethereum Up or Down - March 21, 3:00PM-3:05PM ET"
1774119845,2026-03-21 19:04:05,BUY,Down,0.08,2.3,0.184,"Ethereum Up or Down - March 21, 3:00PM-3:05PM ET"
1774119845,2026-03-21 19:04:05,BUY,Down,0.08,5.0,0.4,"Ethereum Up or Down - March 21, 3:00PM-3:05PM ET"
1774119845,2026-03-21 19:04:05,BUY,Down,0.08,5.434775,0.434782,"Ethereum Up or Down - March 21, 3:00PM-3:05PM ET"
1774119867,2026-03-21 19:04:27,BUY,Down,0.94,1.93,1.8141999999999998,"XRP Up or Down - March 21, 3:00PM-3:05PM ET"
1774119867,2026-03-21 19:04:27,BUY,Down,0.06,5.0,0.3,"Ethereum Up or Down - March 21, 3:00PM-3:05PM ET"
1774119869,2026-03-21 19:04:29,BUY,Down,0.06,2.12765,0.127659,"Ethereum Up or Down - March 21, 3:00PM-3:05PM ET"
1774119869,2026-03-21 19:04:29,BUY,Down,0.060000003760011265,5.319133,0.319148,"Ethereum Up or Down - March 21, 3:00PM-3:05PM ET"
1774119869,2026-03-21 19:04:29,BUY,Down,0.06000000089952192,22.234033,1.3340420000000002,"Ethereum Up or Down - March 21, 3:00PM-3:05PM ET"
1774119869,2026-03-21 19:04:29,BUY,Down,0.06,0.31,0.0186,"Ethereum Up or Down - March 21, 3:00PM-3:05PM ET"
1774119879,2026-03-21 19:04:39,BUY,Down,0.05,35.0,1.75,"Ethereum Up or Down - March 21, 3:00PM-3:05PM ET"
1774119881,2026-03-21 19:04:41,BUY,Down,0.05,35.0,1.75,"Ethereum Up or Down - March 21, 3:00PM-3:05PM ET"
1774119881,2026-03-21 19:04:41,BUY,Down,0.06,35.0,2.1,"Ethereum Up or Down - March 21, 3:00PM-3:05PM ET"
1774119881,2026-03-21 19:04:41,BUY,Down,0.96,1.34,1.2864,"XRP Up or Down - March 21, 3:00PM-3:05PM ET"
1774119881,2026-03-21 19:04:41,BUY,Down,0.95,0.08,0.076,"XRP Up or Down - March 21, 3:00PM-3:05PM ET"
1774119881,2026-03-21 19:04:41,BUY,Down,0.96,7.0,6.72,"XRP Up or Down - March 21, 3:00PM-3:05PM ET"
1774119907,2026-03-21 19:05:07,,,0.0,262.655962,0.0,"Ethereum Up or Down - March 21, 2:55PM-3:00PM ET"
1774119907,2026-03-21 19:05:07,,,0.0,177.275517,0.0,"XRP Up or Down - March 21, 2:55PM-3:00PM ET"
1774119909,2026-03-21 19:05:09,BUY,Down,0.51000008661619,4.040815,2.060816,"XRP Up or Down - March 21, 3:05PM-3:10PM ET"
1774119909,2026-03-21 19:05:09,BUY,Down,0.5100001715001115,2.040815,1.040816,"XRP Up or Down - March 21, 3:05PM-3:10PM ET"
1774119909,2026-03-21 19:05:09,BUY,Up,0.55,46.28024,25.454132,"Ethereum Up or Down - March 21, 3:05PM-3:10PM ET"
1774119909,2026-03-21 19:05:09,BUY,Down,0.41,14.75101,6.0479141,"Ethereum Up or Down - March 21, 3:05PM-3:10PM ET"
1774119913,2026-03-21 19:05:13,BUY,Down,0.44,19.69644,8.6664336,"Ethereum Up or Down - March 21, 3:05PM-3:10PM ET"
1774119913,2026-03-21 19:05:13,BUY,Up,0.48,5.0,2.4,"XRP Up or Down - March 21, 3:05PM-3:10PM ET"
1774119921,2026-03-21 19:05:21,BUY,Up,0.4899999990512048,93.376191,45.75433350140512,"Ethereum Up or Down - March 21, 3:05PM-3:10PM ET"
1774119921,2026-03-21 19:05:21,BUY,Up,0.48,35.0,16.8,"Ethereum Up or Down - March 21, 3:05PM-3:10PM ET"
1774119921,2026-03-21 19:05:21,BUY,Down,0.5299999975220778,35.75732300000001,18.95138110139614,"Ethereum Up or Down - March 21, 3:05PM-3:10PM ET"
1774119921,2026-03-21 19:05:21,BUY,Down,0.5199999968163264,37.105256000000004,19.294733001868977,"Ethereum Up or Down - March 21, 3:05PM-3:10PM ET"
1774119921,2026-03-21 19:05:21,BUY,Up,0.49000004357595944,6.196077,3.036078,"Ethereum Up or Down - March 21, 3:05PM-3:10PM ET"
1774119921,2026-03-21 19:05:21,BUY,Up,0.49,2.22,1.0878,"Ethereum Up or Down - March 21, 3:05PM-3:10PM ET"
1774119921,2026-03-21 19:05:21,BUY,Up,0.49,19.99,9.7951,"Ethereum Up or Down - March 21, 3:05PM-3:10PM ET"
1774119923,2026-03-21 19:05:23,BUY,Down,0.5200000391836863,5.104165,2.6541660000000005,"XRP Up or Down - March 21, 3:05PM-3:10PM ET"
1774119923,2026-03-21 19:05:23,BUY,Down,0.53,2.53998,1.3461894,"XRP Up or Down - March 21, 3:05PM-3:10PM ET"
1774119923,2026-03-21 19:05:23,BUY,Down,0.47000000339471604,23.566036,11.076037000000001,"Ethereum Up or Down - March 21, 3:05PM-3:10PM ET"
1774119923,2026-03-21 19:05:23,BUY,Up,0.490000051607153,6.588234,3.2282349999999997,"Ethereum Up or Down - March 21, 3:05PM-3:10PM ET"
1774119923,2026-03-21 19:05:23,BUY,Down,0.47,11.43,5.3721,"Ethereum Up or Down - March 21, 3:05PM-3:10PM ET"
1774119923,2026-03-21 19:05:23,BUY,Up,0.53,25.59667,13.5662351,"Ethereum Up or Down - March 21, 3:05PM-3:10PM ET"
1774119923,2026-03-21 19:05:23,BUY,Down,0.47000003053498607,13.754714,6.464716,"Ethereum Up or Down - March 21, 3:05PM-3:10PM ET"
1774119923,2026-03-21 19:05:23,BUY,Up,0.54,12.82901,6.9276654,"Ethereum Up or Down - March 21, 3:05PM-3:10PM ET"
1774119925,2026-03-21 19:05:25,BUY,Up,0.45000016041675356,2.181817,0.9818180000000001,"XRP Up or Down - March 21, 3:05PM-3:10PM ET"
1774119925,2026-03-21 19:05:25,BUY,Up,0.45000009734520163,2.054544,0.924545,"XRP Up or Down - March 21, 3:05PM-3:10PM ET"
1774119931,2026-03-21 19:05:31,BUY,Up,0.44,5.27,2.3188,"XRP Up or Down - March 21, 3:05PM-3:10PM ET"
1774119931,2026-03-21 19:05:31,BUY,Up,0.44,1.73,0.7612,"XRP Up or Down - March 21, 3:05PM-3:10PM ET"
1774119935,2026-03-21 19:05:35,BUY,Up,0.43000016150008885,2.105262,0.9052630000000002,"XRP Up or Down - March 21, 3:05PM-3:10PM ET"
1774119945,2026-03-21 19:05:45,BUY,Up,0.4,7.0,2.8000000000000003,"XRP Up or Down - March 21, 3:05PM-3:10PM ET"
1774119945,2026-03-21 19:05:45,BUY,Up,0.41,7.0,2.8699999999999997,"XRP Up or Down - March 21, 3:05PM-3:10PM ET"
1774119945,2026-03-21 19:05:45,BUY,Down,0.5300000084600007,21.276594,11.276595,"Ethereum Up or Down - March 21, 3:05PM-3:10PM ET"
1774119955,2026-03-21 19:05:55,BUY,Down,0.6400000318367373,16.333332,10.453332999999999,"Ethereum Up or Down - March 21, 3:05PM-3:10PM ET"
1774119955,2026-03-21 19:05:55,BUY,Down,0.64,18.66,11.942400000000001,"Ethereum Up or Down - March 21, 3:05PM-3:10PM ET"
1774119957,2026-03-21 19:05:57,BUY,Down,0.6300000136812648,20.465944,12.893545,"Ethereum Up or Down - March 21, 3:05PM-3:10PM ET"
1774119957,2026-03-21 19:05:57,BUY,Up,0.36,69.07103,24.865570799999997,"Ethereum Up or Down - March 21, 3:05PM-3:10PM ET"
1774119961,2026-03-21 19:06:01,BUY,Down,0.6600000180677461,34.315293,22.648094,"Ethereum Up or Down - March 21, 3:05PM-3:10PM ET"
1774119961,2026-03-21 19:06:01,BUY,Down,0.66,0.68,0.44880000000000003,"Ethereum Up or Down - March 21, 3:05PM-3:10PM ET"
1774119963,2026-03-21 19:06:03,BUY,Down,0.63,7.0,4.41,"XRP Up or Down - March 21, 3:05PM-3:10PM ET"
1774119965,2026-03-21 19:06:05,BUY,Up,0.3400000655629508,4.575755,1.555757,"XRP Up or Down - March 21, 3:05PM-3:10PM ET"
1774119971,2026-03-21 19:06:11,BUY,Down,0.7300000251445752,24.657406,17.999907,"Ethereum Up or Down - March 21, 3:05PM-3:10PM ET"
1774119977,2026-03-21 19:06:17,BUY,Down,0.7400000386904819,12.923075,9.563076,"Ethereum Up or Down - March 21, 3:05PM-3:10PM ET"
1774119979,2026-03-21 19:06:19,BUY,Down,0.74,22.07,16.3318,"Ethereum Up or Down - March 21, 3:05PM-3:10PM ET"
1774119989,2026-03-21 19:06:29,BUY,Down,0.75,16.95,12.712499999999999,"Ethereum Up or Down - March 21, 3:05PM-3:10PM ET"
1774119995,2026-03-21 19:06:35,BUY,Down,0.61,7.0,4.27,"XRP Up or Down - March 21, 3:05PM-3:10PM ET"
1774119995,2026-03-21 19:06:35,BUY,Down,0.62,7.0,4.34,"XRP Up or Down - March 21, 3:05PM-3:10PM ET"
1774119999,2026-03-21 19:06:39,BUY,Up,0.23,6.47,1.4881,"Ethereum Up or Down - March 21, 3:05PM-3:10PM ET"
1774119999,2026-03-21 19:06:39,BUY,Up,0.23000000175308408,28.521165,6.559868,"Ethereum Up or Down - March 21, 3:05PM-3:10PM ET"
1774120003,2026-03-21 19:06:43,BUY,Down,0.76,35.0,26.6,"Ethereum Up or Down - March 21, 3:05PM-3:10PM ET"
1774120007,2026-03-21 19:06:47,BUY,Down,0.64,4.21,2.6944,"XRP Up or Down - March 21, 3:05PM-3:10PM ET"
1774120009,2026-03-21 19:06:49,BUY,Up,0.3500000071515033,6.991537,2.447038,"XRP Up or Down - March 21, 3:05PM-3:10PM ET"
1774120011,2026-03-21 19:06:51,BUY,Up,0.23000000057355685,34.870126,8.020128999999999,"Ethereum Up or Down - March 21, 3:05PM-3:10PM ET"
1774120013,2026-03-21 19:06:53,BUY,Down,0.79,2.0,1.58,"Ethereum Up or Down - March 21, 3:05PM-3:10PM ET"
1774120015,2026-03-21 19:06:55,BUY,Up,0.34,2.21,0.7514000000000001,"XRP Up or Down - March 21, 3:05PM-3:10PM ET"
1774120015,2026-03-21 19:06:55,BUY,Down,0.79,0.36,0.2844,"Ethereum Up or Down - March 21, 3:05PM-3:10PM ET"
1774120025,2026-03-21 19:07:05,BUY,Down,0.82,35.0,28.7,"Ethereum Up or Down - March 21, 3:05PM-3:10PM ET"
1774120029,2026-03-21 19:07:09,BUY,Down,0.81,35.0,28.35,"Ethereum Up or Down - March 21, 3:05PM-3:10PM ET"
1774120031,2026-03-21 19:07:11,BUY,Down,0.5499999869047592,7.5194220000000005,4.135682001531358,"XRP Up or Down - March 21, 3:05PM-3:10PM ET"
1774120031,2026-03-21 19:07:11,BUY,Down,0.5329399758555255,34.360139000000004,18.311891649052505,"XRP Up or Down - March 21, 3:05PM-3:10PM ET"
1774120031,2026-03-21 19:07:11,BUY,Down,0.61,7.0,4.27,"XRP Up or Down - March 21, 3:05PM-3:10PM ET"
1774120033,2026-03-21 19:07:13,BUY,Down,0.5499999699042383,13.087378,7.19805750612539,"XRP Up or Down - March 21, 3:05PM-3:10PM ET"
1774120045,2026-03-21 19:07:25,BUY,Down,0.55,4.92343,2.7078865,"Ethereum Up or Down - March 21, 3:05PM-3:10PM ET"
1774120053,2026-03-21 19:07:33,BUY,Up,0.45,35.0,15.75,"Ethereum Up or Down - March 21, 3:05PM-3:10PM ET"
1774120053,2026-03-21 19:07:33,BUY,Up,0.45,4.92,2.214,"Ethereum Up or Down - March 21, 3:05PM-3:10PM ET"
1774120055,2026-03-21 19:07:35,BUY,Up,0.45,4.0,1.8,"Ethereum Up or Down - March 21, 3:05PM-3:10PM ET"
1774120057,2026-03-21 19:07:37,BUY,Up,0.45,11.0,4.95,"Ethereum Up or Down - March 21, 3:05PM-3:10PM ET"
1774120057,2026-03-21 19:07:37,BUY,Up,0.45,26.08,11.735999999999999,"Ethereum Up or Down - March 21, 3:05PM-3:10PM ET"
1774120059,2026-03-21 19:07:39,BUY,Down,0.5600001936001084,2.272726,1.2727270000000002,"Ethereum Up or Down - March 21, 3:05PM-3:10PM ET"
1774120059,2026-03-21 19:07:39,BUY,Down,0.5600000251428608,11.136362,6.236363,"Ethereum Up or Down - March 21, 3:05PM-3:10PM ET"
1774120065,2026-03-21 19:07:45,BUY,Up,0.45,35.0,15.75,"Ethereum Up or Down - March 21, 3:05PM-3:10PM ET"
1774120085,2026-03-21 19:08:05,BUY,Up,0.4400000015555557,25.714284,11.314285,"Ethereum Up or Down - March 21, 3:05PM-3:10PM ET"
1774120093,2026-03-21 19:08:13,BUY,Up,0.68,1.50201,1.0213668,"XRP Up or Down - March 21, 3:05PM-3:10PM ET"
1774120093,2026-03-21 19:08:13,BUY,Down,0.38999995958181505,13.903033,5.422182308064641,"Ethereum Up or Down - March 21, 3:05PM-3:10PM ET"
1774120093,2026-03-21 19:08:13,BUY,Down,0.3799999858604647,39.055672,14.841154807770947,"Ethereum Up or Down - March 21, 3:05PM-3:10PM ET"
1774120093,2026-03-21 19:08:13,BUY,Down,0.3743572745555745,79.301802,29.687206464065806,"Ethereum Up or Down - March 21, 3:05PM-3:10PM ET"
1774120093,2026-03-21 19:08:13,BUY,Down,0.38105923367702166,29.293545,11.16257580938335,"Ethereum Up or Down - March 21, 3:05PM-3:10PM ET"
1774120093,2026-03-21 19:08:13,BUY,Down,0.37999996322580015,9.653632,3.6683798049954075,"Ethereum Up or Down - March 21, 3:05PM-3:10PM ET"
1774120093,2026-03-21 19:08:13,BUY,Down,0.42,10.2,4.284,"Ethereum Up or Down - March 21, 3:05PM-3:10PM ET"
1774120093,2026-03-21 19:08:13,BUY,Down,0.42,12.0,5.04,"Ethereum Up or Down - March 21, 3:05PM-3:10PM ET"
1774120093,2026-03-21 19:08:13,BUY,Down,0.43,8.66,3.7238,"Ethereum Up or Down - March 21, 3:05PM-3:10PM ET"
1774120093,2026-03-21 19:08:13,BUY,Down,0.42,12.8,5.376,"Ethereum Up or Down - March 21, 3:05PM-3:10PM ET"
1774120093,2026-03-21 19:08:13,BUY,Down,0.43,26.34,11.3262,"Ethereum Up or Down - March 21, 3:05PM-3:10PM ET"
1774120107,2026-03-21 19:08:27,BUY,Up,0.43,4.0,1.72,"Ethereum Up or Down - March 21, 3:05PM-3:10PM ET"
1774120107,2026-03-21 19:08:27,BUY,Up,0.4300000628226075,6.526313,2.806315,"Ethereum Up or Down - March 21, 3:05PM-3:10PM ET"
1774120107,2026-03-21 19:08:27,BUY,Up,0.43,35.0,15.049999999999999,"Ethereum Up or Down - March 21, 3:05PM-3:10PM ET"
1774120109,2026-03-21 19:08:29,BUY,Up,0.43,19.47,8.3721,"Ethereum Up or Down - March 21, 3:05PM-3:10PM ET"
1774120109,2026-03-21 19:08:29,BUY,Up,0.43,5.0,2.15,"Ethereum Up or Down - March 21, 3:05PM-3:10PM ET"
1774120111,2026-03-21 19:08:31,BUY,Up,0.38,103.54294,39.3463172,"Ethereum Up or Down - March 21, 3:05PM-3:10PM ET"
1774120111,2026-03-21 19:08:31,BUY,Up,0.33,35.0,11.55,"Ethereum Up or Down - March 21, 3:05PM-3:10PM ET"
1774120113,2026-03-21 19:08:33,,,0.0,528.723027,0.0,"Ethereum Up or Down - March 21, 3:05PM-3:10PM ET"
1774120119,2026-03-21 19:08:39,BUY,Up,0.7700163304735838,0.043477,0.033478,"XRP Up or Down - March 21, 3:05PM-3:10PM ET"
1774120119,2026-03-21 19:08:39,BUY,Up,0.78,7.0,5.46,"XRP Up or Down - March 21, 3:05PM-3:10PM ET"
1774120119,2026-03-21 19:08:39,BUY,Up,0.76,1.17,0.8892,"XRP Up or Down - March 21, 3:05PM-3:10PM ET"
1774120127,2026-03-21 19:08:47,BUY,Up,0.8,7.0,5.6000000000000005,"XRP Up or Down - March 21, 3:05PM-3:10PM ET"
1774120129,2026-03-21 19:08:49,BUY,Down,0.7,9.88975,6.922825,"Ethereum Up or Down - March 21, 3:05PM-3:10PM ET"
1774120129,2026-03-21 19:08:49,BUY,Down,0.69,4.94281,3.4105388999999997,"Ethereum Up or Down - March 21, 3:05PM-3:10PM ET"
1774120133,2026-03-21 19:08:53,BUY,Down,0.7100000725000182,6.89655,4.8965510000000005,"Ethereum Up or Down - March 21, 3:05PM-3:10PM ET"
1774120135,2026-03-21 19:08:55,BUY,Down,0.7100000491812926,11.793102,8.373102999999999,"Ethereum Up or Down - March 21, 3:05PM-3:10PM ET"
1774120143,2026-03-21 19:09:03,BUY,Up,0.28,138.57752,38.8017056,"Ethereum Up or Down - March 21, 3:05PM-3:10PM ET"
1774120145,2026-03-21 19:09:05,BUY,Down,0.74,35.0,25.9,"Ethereum Up or Down - March 21, 3:05PM-3:10PM ET"
1774120145,2026-03-21 19:09:05,BUY,Down,0.739999999774459,87.855033,65.01272440018509,"Ethereum Up or Down - March 21, 3:05PM-3:10PM ET"
1774120147,2026-03-21 19:09:07,BUY,Up,0.15,4.97968,0.746952,"Ethereum Up or Down - March 21, 3:05PM-3:10PM ET"
1774120147,2026-03-21 19:09:07,BUY,Down,0.85,35.26785,29.9776725,"Ethereum Up or Down - March 21, 3:05PM-3:10PM ET"
1774120147,2026-03-21 19:09:07,BUY,Up,0.14000000086000025,23.255807,3.255813,"Ethereum Up or Down - March 21, 3:05PM-3:10PM ET"
1774120147,2026-03-21 19:09:07,BUY,Up,0.14,11.74,1.6436000000000002,"Ethereum Up or Down - March 21, 3:05PM-3:10PM ET"
1774120147,2026-03-21 19:09:07,BUY,Down,0.8515467671133704,35.206224999999996,29.979747081015915,"Ethereum Up or Down - March 21, 3:05PM-3:10PM ET"
1774120149,2026-03-21 19:09:09,BUY,Down,0.8599999985692499,83.568142,71.86860200043486,"Ethereum Up or Down - March 21, 3:05PM-3:10PM ET"
1774120151,2026-03-21 19:09:11,BUY,Up,0.14000000556684852,17.963485,2.5148879999999996,"Ethereum Up or Down - March 21, 3:05PM-3:10PM ET"
1774120151,2026-03-21 19:09:11,BUY,Up,0.14,35.0,4.9,"Ethereum Up or Down - March 21, 3:05PM-3:10PM ET"
1774120155,2026-03-21 19:09:15,BUY,Up,0.25,2.666664,0.666666,"Ethereum Up or Down - March 21, 3:05PM-3:10PM ET"
1774120155,2026-03-21 19:09:15,BUY,Up,0.25,19.288970000000003,4.822242500000001,"Ethereum Up or Down - March 21, 3:05PM-3:10PM ET"
1774120155,2026-03-21 19:09:15,BUY,Up,0.21,5.0,1.05,"Ethereum Up or Down - March 21, 3:05PM-3:10PM ET"
1774120157,2026-03-21 19:09:17,BUY,Up,0.25,1.1,0.275,"Ethereum Up or Down - March 21, 3:05PM-3:10PM ET"
1774120157,2026-03-21 19:09:17,BUY,Down,0.75,49.56055,37.1704125,"Ethereum Up or Down - March 21, 3:05PM-3:10PM ET"
1774120157,2026-03-21 19:09:17,BUY,Up,0.24000007238129015,0.552629,0.132631,"Ethereum Up or Down - March 21, 3:05PM-3:10PM ET"
1774120157,2026-03-21 19:09:17,BUY,Down,0.73,35.0,25.55,"Ethereum Up or Down - March 21, 3:05PM-3:10PM ET"
1774120157,2026-03-21 19:09:17,BUY,Up,0.25,17.0,4.25,"Ethereum Up or Down - March 21, 3:05PM-3:10PM ET"
1774120157,2026-03-21 19:09:17,BUY,Up,0.25,18.0,4.5,"Ethereum Up or Down - March 21, 3:05PM-3:10PM ET"
1774120157,2026-03-21 19:09:17,BUY,Up,0.24,9.0,2.16,"Ethereum Up or Down - March 21, 3:05PM-3:10PM ET"
1774120159,2026-03-21 19:09:19,BUY,Down,0.73,35.0,25.55,"Ethereum Up or Down - March 21, 3:05PM-3:10PM ET"
1774120165,2026-03-21 19:09:25,BUY,Down,0.88,12.764320000000001,11.2326016,"Ethereum Up or Down - March 21, 3:05PM-3:10PM ET"
1774120179,2026-03-21 19:09:39,BUY,Up,0.7100000918812045,6.965516,4.945517,"XRP Up or Down - March 21, 3:05PM-3:10PM ET"
1774120185,2026-03-21 19:09:45,BUY,Down,0.24,6.19802,1.4875247999999999,"XRP Up or Down - March 21, 3:05PM-3:10PM ET"
1774120189,2026-03-21 19:09:49,BUY,Up,0.07000000591252886,5.073971,0.355178,"Ethereum Up or Down - March 21, 3:05PM-3:10PM ET"
1774120193,2026-03-21 19:09:53,BUY,Up,0.06,1.03,0.0618,"Ethereum Up or Down - March 21, 3:05PM-3:10PM ET"
1774120193,2026-03-21 19:09:53,BUY,Up,0.06,9.8085,0.58851,"Ethereum Up or Down - March 21, 3:05PM-3:10PM ET"
1774120193,2026-03-21 19:09:53,BUY,Up,0.06,20.0,1.2,"Ethereum Up or Down - March 21, 3:05PM-3:10PM ET"
1774120193,2026-03-21 19:09:53,BUY,Up,0.06,4.16,0.2496,"Ethereum Up or Down - March 21, 3:05PM-3:10PM ET"
1774120195,2026-03-21 19:09:55,BUY,Up,0.05,10.0,0.5,"Ethereum Up or Down - March 21, 3:05PM-3:10PM ET"
1774120195,2026-03-21 19:09:55,BUY,Up,0.05,1.29,0.0645,"Ethereum Up or Down - March 21, 3:05PM-3:10PM ET"
1774120197,2026-03-21 19:09:57,BUY,Up,0.05,23.71,1.1855,"Ethereum Up or Down - March 21, 3:05PM-3:10PM ET"
1774120197,2026-03-21 19:09:57,BUY,Up,0.05,7.94,0.397,"Ethereum Up or Down - March 21, 3:05PM-3:10PM ET"
1774120197,2026-03-21 19:09:57,BUY,Up,0.05,3.18,0.15900000000000003,"Ethereum Up or Down - March 21, 3:05PM-3:10PM ET"
1774120197,2026-03-21 19:09:57,BUY,Up,0.05,5.0,0.25,"Ethereum Up or Down - March 21, 3:05PM-3:10PM ET"
1774120197,2026-03-21 19:09:57,BUY,Up,0.05,2.16842,0.10842099999999999,"Ethereum Up or Down - March 21, 3:05PM-3:10PM ET"
1774120197,2026-03-21 19:09:57,BUY,Up,0.05,6.0,0.30000000000000004,"Ethereum Up or Down - March 21, 3:05PM-3:10PM ET"
1774120197,2026-03-21 19:09:57,BUY,Up,0.05,30.0,1.5,"Ethereum Up or Down - March 21, 3:05PM-3:10PM ET"
1774120197,2026-03-21 19:09:57,BUY,Up,0.05,6.0,0.30000000000000004,"Ethereum Up or Down - March 21, 3:05PM-3:10PM ET"
1774120197,2026-03-21 19:09:57,BUY,Up,0.05,9.70526,0.48526300000000006,"Ethereum Up or Down - March 21, 3:05PM-3:10PM ET"
1774120203,2026-03-21 19:10:03,,,0.0,517.737979,0.0,"Ethereum Up or Down - March 21, 3:05PM-3:10PM ET"
1774120209,2026-03-21 19:10:09,BUY,Up,0.5100009310028861,0.408162,0.20816300000000001,"XRP Up or Down - March 21, 3:10PM-3:15PM ET"
1774120209,2026-03-21 19:10:09,BUY,Down,0.5,8.19985,4.099925,"XRP Up or Down - March 21, 3:10PM-3:15PM ET"
1774120209,2026-03-21 19:10:09,BUY,Up,0.51,1.38,0.7038,"XRP Up or Down - March 21, 3:10PM-3:15PM ET"
1774120209,2026-03-21 19:10:09,BUY,Up,0.4900000833168593,3.960783,1.940784,"Ethereum Up or Down - March 21, 3:10PM-3:15PM ET"
1774120209,2026-03-21 19:10:09,BUY,Up,0.5100000384313846,5.20408,2.654081,"XRP Up or Down - March 21, 3:10PM-3:15PM ET"
1774120211,2026-03-21 19:10:11,BUY,Down,0.51,7.0,3.5700000000000003,"XRP Up or Down - March 21, 3:10PM-3:15PM ET"
1774120213,2026-03-21 19:10:13,BUY,Down,0.4900001683001128,1.960783,0.960784,"XRP Up or Down - March 21, 3:10PM-3:15PM ET"
1774120231,2026-03-21 19:10:31,BUY,Down,0.49,5.03,2.4647,"XRP Up or Down - March 21, 3:10PM-3:15PM ET"
1774120237,2026-03-21 19:10:37,BUY,Down,0.47,49.667390000000005,23.343673300000003,"Ethereum Up or Down - March 21, 3:10PM-3:15PM ET"
1774120237,2026-03-21 19:10:37,BUY,Up,0.49,7.0,3.4299999999999997,"XRP Up or Down - March 21, 3:10PM-3:15PM ET"
1774120239,2026-03-21 19:10:39,BUY,Down,0.5,48.39187999999999,24.195939999999997,"Ethereum Up or Down - March 21, 3:10PM-3:15PM ET"
1774120241,2026-03-21 19:10:41,BUY,Up,0.5500002025001114,2.222221,1.222222,"Ethereum Up or Down - March 21, 3:10PM-3:15PM ET"
1774120241,2026-03-21 19:10:41,BUY,Up,0.5500000167079222,17.955554,9.875554999999999,"Ethereum Up or Down - March 21, 3:10PM-3:15PM ET"
1774120247,2026-03-21 19:10:47,BUY,Up,0.5100000554984034,1.982039,1.0108400000000002,"XRP Up or Down - March 21, 3:10PM-3:15PM ET"
1774120251,2026-03-21 19:10:51,BUY,Down,0.42,17.53594,7.3650948,"Ethereum Up or Down - March 21, 3:10PM-3:15PM ET"
1774120263,2026-03-21 19:11:03,BUY,Down,0.4800000770370664,3.634614,1.744615,"XRP Up or Down - March 21, 3:10PM-3:15PM ET"
1774120263,2026-03-21 19:11:03,BUY,Down,0.49,7.0,3.4299999999999997,"XRP Up or Down - March 21, 3:10PM-3:15PM ET"
1774120277,2026-03-21 19:11:17,BUY,Up,0.57,12.0,6.84,"Ethereum Up or Down - March 21, 3:10PM-3:15PM ET"
1774120277,2026-03-21 19:11:17,BUY,Up,0.5700000974666879,5.232557,2.982558,"Ethereum Up or Down - March 21, 3:10PM-3:15PM ET"
1774120311,2026-03-21 19:11:51,BUY,Up,0.52,5.35,2.782,"Ethereum Up or Down - March 21, 3:10PM-3:15PM ET"
1774120311,2026-03-21 19:11:51,BUY,Up,0.5200000256684547,7.791665,4.051666,"Ethereum Up or Down - March 21, 3:10PM-3:15PM ET"
1774120311,2026-03-21 19:11:51,BUY,Up,0.520000032107032,6.229165,3.2391660000000004,"Ethereum Up or Down - March 21, 3:10PM-3:15PM ET"
1774120311,2026-03-21 19:11:51,BUY,Up,0.52,6.0,3.12,"Ethereum Up or Down - March 21, 3:10PM-3:15PM ET"
1774120311,2026-03-21 19:11:51,BUY,Up,0.5200000281524992,7.104165,3.6941659999999996,"Ethereum Up or Down - March 21, 3:10PM-3:15PM ET"
1774120311,2026-03-21 19:11:51,BUY,Up,0.52,35.0,18.2,"Ethereum Up or Down - March 21, 3:10PM-3:15PM ET"
1774120313,2026-03-21 19:11:53,BUY,Up,0.52,2.51,1.3052,"Ethereum Up or Down - March 21, 3:10PM-3:15PM ET"
1774120331,2026-03-21 19:12:11,BUY,Up,0.3900000625641282,3.19672,1.246721,"Ethereum Up or Down - March 21, 3:10PM-3:15PM ET"
1774120333,2026-03-21 19:12:13,BUY,Up,0.47,5.0,2.3499999999999996,"XRP Up or Down - March 21, 3:10PM-3:15PM ET"
1774120333,2026-03-21 19:12:13,BUY,Up,0.43,1.82,0.7826,"XRP Up or Down - March 21, 3:10PM-3:15PM ET"
1774120333,2026-03-21 19:12:13,BUY,Up,0.4300000173898359,5.175437,2.225438,"XRP Up or Down - March 21, 3:10PM-3:15PM ET"
1774120333,2026-03-21 19:12:13,BUY,Up,0.35000000414514404,24.124614,8.443615,"Ethereum Up or Down - March 21, 3:10PM-3:15PM ET"
1774120333,2026-03-21 19:12:13,BUY,Down,0.5500000642857313,5.444443,2.9944439999999997,"XRP Up or Down - March 21, 3:10PM-3:15PM ET"
1774120333,2026-03-21 19:12:13,BUY,Up,0.35,10.87,3.8044999999999995,"Ethereum Up or Down - March 21, 3:10PM-3:15PM ET"
1774120333,2026-03-21 19:12:13,BUY,Down,0.65,35.078630000000004,22.801109500000003,"Ethereum Up or Down - March 21, 3:10PM-3:15PM ET"
1774120333,2026-03-21 19:12:13,BUY,Up,0.4400005711058513,0.630356,0.277357,"XRP Up or Down - March 21, 3:10PM-3:15PM ET"
1774120333,2026-03-21 19:12:13,BUY,Up,0.45,1.54,0.6930000000000001,"XRP Up or Down - March 21, 3:10PM-3:15PM ET"
1774120333,2026-03-21 19:12:13,BUY,Up,0.45000003666667643,5.454544,2.454545,"XRP Up or Down - March 21, 3:10PM-3:15PM ET"
1774120333,2026-03-21 19:12:13,BUY,Up,0.36,7.35,2.646,"Ethereum Up or Down - March 21, 3:10PM-3:15PM ET"
1774120335,2026-03-21 19:12:15,BUY,Down,0.37,83.24366,30.8001542,"Ethereum Up or Down - March 21, 3:10PM-3:15PM ET"
1774120335,2026-03-21 19:12:15,BUY,Down,0.35,35.0,12.25,"Ethereum Up or Down - March 21, 3:10PM-3:15PM ET"
1774120335,2026-03-21 19:12:15,BUY,Down,0.38,35.0,13.3,"Ethereum Up or Down - March 21, 3:10PM-3:15PM ET"
1774120335,2026-03-21 19:12:15,BUY,Up,0.585261220686207,37.120540999999996,21.725213138192395,"Ethereum Up or Down - March 21, 3:10PM-3:15PM ET"
1774120341,2026-03-21 19:12:21,BUY,Up,0.66,13.85338,9.1432308,"Ethereum Up or Down - March 21, 3:10PM-3:15PM ET"
1774120341,2026-03-21 19:12:21,BUY,Up,0.47,7.0,3.29,"XRP Up or Down - March 21, 3:10PM-3:15PM ET"
1774120343,2026-03-21 19:12:23,BUY,Down,0.52,6.125,3.185,"XRP Up or Down - March 21, 3:10PM-3:15PM ET"
1774120345,2026-03-21 19:12:25,BUY,Down,0.36,4.93365,1.776114,"Ethereum Up or Down - March 21, 3:10PM-3:15PM ET"
1774120349,2026-03-21 19:12:29,BUY,Up,0.45000016041675356,2.181817,0.9818180000000001,"XRP Up or Down - March 21, 3:10PM-3:15PM ET"
1774120355,2026-03-21 19:12:35,BUY,Up,0.63,103.5737,65.251431,"Ethereum Up or Down - March 21, 3:10PM-3:15PM ET"
1774120357,2026-03-21 19:12:37,BUY,Up,0.45,4.81,2.1645,"XRP Up or Down - March 21, 3:10PM-3:15PM ET"
1774120357,2026-03-21 19:12:37,BUY,Up,0.45000016041675356,2.181817,0.9818180000000001,"XRP Up or Down - March 21, 3:10PM-3:15PM ET"
1774120359,2026-03-21 19:12:39,BUY,Up,0.62,6.0,3.7199999999999998,"Ethereum Up or Down - March 21, 3:10PM-3:15PM ET"
1774120359,2026-03-21 19:12:39,BUY,Up,0.6200000167200009,26.315788,16.315789000000002,"Ethereum Up or Down - March 21, 3:10PM-3:15PM ET"
1774120359,2026-03-21 19:12:39,BUY,Up,0.62,1.72,1.0664,"Ethereum Up or Down - March 21, 3:10PM-3:15PM ET"
1774120359,2026-03-21 19:12:39,BUY,Down,0.53,3.0,1.59,"XRP Up or Down - March 21, 3:10PM-3:15PM ET"
1774120365,2026-03-21 19:12:45,BUY,Up,0.57,5.38,3.0665999999999998,"Ethereum Up or Down - March 21, 3:10PM-3:15PM ET"
1774120365,2026-03-21 19:12:45,BUY,Down,0.41,16.20936,6.6458376,"Ethereum Up or Down - March 21, 3:10PM-3:15PM ET"
1774120369,2026-03-21 19:12:49,BUY,Up,0.61,4.13,2.5193,"Ethereum Up or Down - March 21, 3:10PM-3:15PM ET"
1774120369,2026-03-21 19:12:49,BUY,Up,0.46,7.0,3.22,"XRP Up or Down - March 21, 3:10PM-3:15PM ET"
1774120385,2026-03-21 19:13:05,BUY,Down,0.43,14.52,6.2436,"Ethereum Up or Down - March 21, 3:10PM-3:15PM ET"
1774120387,2026-03-21 19:13:07,BUY,Up,0.44000002261408666,5.306427,2.3348280000000003,"XRP Up or Down - March 21, 3:10PM-3:15PM ET"
1774120393,2026-03-21 19:13:13,BUY,Up,0.43,7.87986,3.3883398,"XRP Up or Down - March 21, 3:10PM-3:15PM ET"
1774120395,2026-03-21 19:13:15,BUY,Up,0.42,6.89616,2.8963872,"XRP Up or Down - March 21, 3:10PM-3:15PM ET"
1774120395,2026-03-21 19:13:15,BUY,Down,0.4677339520494973,12.72965,5.954089502706883,"Ethereum Up or Down - March 21, 3:10PM-3:15PM ET"
1774120397,2026-03-21 19:13:17,BUY,Down,0.617200900021707,35.227255,21.742293491294177,"Ethereum Up or Down - March 21, 3:10PM-3:15PM ET"
1774120397,2026-03-21 19:13:17,BUY,Down,0.6,35.645875000000004,21.387525,"Ethereum Up or Down - March 21, 3:10PM-3:15PM ET"
1774120397,2026-03-21 19:13:17,BUY,Up,0.2600000082866759,12.067565,3.137567,"Ethereum Up or Down - March 21, 3:10PM-3:15PM ET"
1774120397,2026-03-21 19:13:17,BUY,Up,0.26,2.37,0.6162000000000001,"Ethereum Up or Down - March 21, 3:10PM-3:15PM ET"
1774120397,2026-03-21 19:13:17,BUY,Down,0.6470478301418141,35.235105000000004,22.798798235068986,"Ethereum Up or Down - March 21, 3:10PM-3:15PM ET"
1774120397,2026-03-21 19:13:17,BUY,Up,0.2600000107034851,20.554053,5.344054,"Ethereum Up or Down - March 21, 3:10PM-3:15PM ET"
1774120401,2026-03-21 19:13:21,BUY,Up,0.38,2.95837,1.1241806,"XRP Up or Down - March 21, 3:10PM-3:15PM ET"
1774120407,2026-03-21 19:13:27,BUY,Up,0.54,17.72234,9.570063600000001,"Ethereum Up or Down - March 21, 3:10PM-3:15PM ET"
1774120407,2026-03-21 19:13:27,BUY,Up,0.5380385748627055,34.585061,18.608096931979738,"Ethereum Up or Down - March 21, 3:10PM-3:15PM ET"
1774120413,2026-03-21 19:13:33,BUY,Down,0.4219396642901129,7.027629,2.965235421015462,"XRP Up or Down - March 21, 3:10PM-3:15PM ET"
1774120413,2026-03-21 19:13:33,BUY,Up,0.7537158768746562,15.744512,11.866888668043549,"Ethereum Up or Down - March 21, 3:10PM-3:15PM ET"
1774120413,2026-03-21 19:13:33,BUY,Down,0.4199999581395252,7.060355,2.9653488044501874,"XRP Up or Down - March 21, 3:10PM-3:15PM ET"
1774120413,2026-03-21 19:13:33,BUY,Down,0.4199999581395252,7.060355,2.9653488044501874,"XRP Up or Down - March 21, 3:10PM-3:15PM ET"
1774120413,2026-03-21 19:13:33,BUY,Down,0.4199999885088907,17.14656,7.201555002967005,"XRP Up or Down - March 21, 3:10PM-3:15PM ET"
1774120413,2026-03-21 19:13:33,BUY,Up,0.77,34.72557,26.7386889,"Ethereum Up or Down - March 21, 3:10PM-3:15PM ET"
1774120413,2026-03-21 19:13:33,BUY,Up,0.7582825216900057,107.100103,81.21213617609935,"Ethereum Up or Down - March 21, 3:10PM-3:15PM ET"
1774120413,2026-03-21 19:13:33,BUY,Down,0.56,7.0,3.9200000000000004,"XRP Up or Down - March 21, 3:10PM-3:15PM ET"
1774120413,2026-03-21 19:13:33,BUY,Down,0.45,7.0,3.15,"XRP Up or Down - March 21, 3:10PM-3:15PM ET"
1774120415,2026-03-21 19:13:35,BUY,Down,0.4299999410367777,6.849057,2.9450941061575295,"XRP Up or Down - March 21, 3:10PM-3:15PM ET"
1774120415,2026-03-21 19:13:35,BUY,Up,0.77,34.72557,26.7386889,"Ethereum Up or Down - March 21, 3:10PM-3:15PM ET"
1774120415,2026-03-21 19:13:35,BUY,Down,0.16,6.0,0.96,"Ethereum Up or Down - March 21, 3:10PM-3:15PM ET"
1774120415,2026-03-21 19:13:35,BUY,Down,0.4299999561783345,7.192664,3.0928452048054837,"XRP Up or Down - March 21, 3:10PM-3:15PM ET"
1774120415,2026-03-21 19:13:35,BUY,Down,0.42999996795672546,9.529127,4.097524304655567,"XRP Up or Down - March 21, 3:10PM-3:15PM ET"
1774120417,2026-03-21 19:13:37,BUY,Down,0.16,14.16,2.2656,"Ethereum Up or Down - March 21, 3:10PM-3:15PM ET"
1774120425,2026-03-21 19:13:45,BUY,Down,0.19,11.0,2.09,"Ethereum Up or Down - March 21, 3:10PM-3:15PM ET"
1774120425,2026-03-21 19:13:45,BUY,Down,0.1900000074752806,18.728394,3.5583950000000004,"Ethereum Up or Down - March 21, 3:10PM-3:15PM ET"
1774120427,2026-03-21 19:13:47,BUY,Down,0.19000000736365638,1.358021,0.258024,"Ethereum Up or Down - March 21, 3:10PM-3:15PM ET"
1774120429,2026-03-21 19:13:49,BUY,Down,0.2,11.9232,2.38464,"Ethereum Up or Down - March 21, 3:10PM-3:15PM ET"
1774120437,2026-03-21 19:13:57,BUY,Down,0.25,1.333332,0.333333,"Ethereum Up or Down - March 21, 3:10PM-3:15PM ET"
1774120443,2026-03-21 19:14:03,BUY,Down,0.24000000314634748,12.713154,3.051157,"Ethereum Up or Down - March 21, 3:10PM-3:15PM ET"
1774120473,2026-03-21 19:14:33,,,0.0,535.634496,0.0,"Ethereum Up or Down - March 21, 3:10PM-3:15PM ET"
1774120475,2026-03-21 19:14:35,BUY,Up,0.78,7.0,5.46,"XRP Up or Down - March 21, 3:10PM-3:15PM ET"
1774120477,2026-03-21 19:14:37,BUY,Up,0.8,7.0,5.6000000000000005,"XRP Up or Down - March 21, 3:10PM-3:15PM ET"
1774120477,2026-03-21 19:14:37,BUY,Down,0.16,23.89162,3.8226592,"XRP Up or Down - March 21, 3:10PM-3:15PM ET"
1774120477,2026-03-21 19:14:37,BUY,Up,0.78,7.0,5.46,"XRP Up or Down - March 21, 3:10PM-3:15PM ET"
1774120477,2026-03-21 19:14:37,BUY,Up,0.79,7.0,5.53,"XRP Up or Down - March 21, 3:10PM-3:15PM ET"
1774120483,2026-03-21 19:14:43,BUY,Down,0.11,22.81,2.5090999999999997,"Ethereum Up or Down - March 21, 3:10PM-3:15PM ET"
1774120493,2026-03-21 19:14:53,BUY,Up,0.98,6.99933,6.859343399999999,"XRP Up or Down - March 21, 3:10PM-3:15PM ET"
1774120493,2026-03-21 19:14:53,BUY,Up,0.98,6.99933,6.859343399999999,"XRP Up or Down - March 21, 3:10PM-3:15PM ET"
1774120493,2026-03-21 19:14:53,BUY,Up,0.98,6.99933,6.859343399999999,"XRP Up or Down - March 21, 3:10PM-3:15PM ET"
1774120493,2026-03-21 19:14:53,BUY,Up,0.98,9.99904,9.7990592,"XRP Up or Down - March 21, 3:10PM-3:15PM ET"
1774120493,2026-03-21 19:14:53,BUY,Up,0.98,9.99904,9.7990592,"XRP Up or Down - March 21, 3:10PM-3:15PM ET"
1774120493,2026-03-21 19:14:53,BUY,Up,0.98,6.99933,6.859343399999999,"XRP Up or Down - March 21, 3:10PM-3:15PM ET"
1774120493,2026-03-21 19:14:53,BUY,Up,0.98,6.99933,6.859343399999999,"XRP Up or Down - March 21, 3:10PM-3:15PM ET"
1774120493,2026-03-21 19:14:53,BUY,Up,0.98,6.99933,6.859343399999999,"XRP Up or Down - March 21, 3:10PM-3:15PM ET"
1774120493,2026-03-21 19:14:53,BUY,Up,0.98,6.99933,6.859343399999999,"XRP Up or Down - March 21, 3:10PM-3:15PM ET"
1774120495,2026-03-21 19:14:55,BUY,Up,0.98,6.99933,6.859343399999999,"XRP Up or Down - March 21, 3:10PM-3:15PM ET"
1774120507,2026-03-21 19:15:07,,,0.0,107.575951,0.0,"Ethereum Up or Down - March 21, 3:05PM-3:10PM ET"
1774120507,2026-03-21 19:15:07,,,0.0,240.10993,0.0,"Ethereum Up or Down - March 21, 3:00PM-3:05PM ET"
1774120507,2026-03-21 19:15:07,,,0.0,69.799918,0.0,"XRP Up or Down - March 21, 3:05PM-3:10PM ET"
1774120507,2026-03-21 19:15:07,,,0.0,240.83016,0.0,"XRP Up or Down - March 21, 3:00PM-3:05PM ET"
1774120509,2026-03-21 19:15:09,BUY,Up,0.55,6.78,3.7290000000000005,"XRP Up or Down - March 21, 3:15PM-3:20PM ET"
1774120509,2026-03-21 19:15:09,BUY,Up,0.56,7.0,3.9200000000000004,"XRP Up or Down - March 21, 3:15PM-3:20PM ET"
1774120511,2026-03-21 19:15:11,BUY,Down,0.4699999493002822,7.184671,3.3767950057392078,"XRP Up or Down - March 21, 3:15PM-3:20PM ET"
1774120511,2026-03-21 19:15:11,BUY,Down,0.4699999688265274,12.316567,5.788786106049836,"XRP Up or Down - March 21, 3:15PM-3:20PM ET"
1774120511,2026-03-21 19:15:11,BUY,Down,0.4710692588381942,7.022007,3.307851633046612,"XRP Up or Down - March 21, 3:15PM-3:20PM ET"
1774120513,2026-03-21 19:15:13,BUY,Down,0.49,31.0,15.19,"Ethereum Up or Down - March 21, 3:15PM-3:20PM ET"
1774120515,2026-03-21 19:15:15,BUY,Down,0.49,4.0,1.96,"Ethereum Up or Down - March 21, 3:15PM-3:20PM ET"
1774120525,2026-03-21 19:15:25,BUY,Down,0.48,5.0,2.4,"Ethereum Up or Down - March 21, 3:15PM-3:20PM ET"
1774120525,2026-03-21 19:15:25,BUY,Down,0.4800000358620727,11.153845,5.353846,"Ethereum Up or Down - March 21, 3:15PM-3:20PM ET"
1774120527,2026-03-21 19:15:27,BUY,Up,0.47,21.29,10.0063,"Ethereum Up or Down - March 21, 3:15PM-3:20PM ET"
1774120527,2026-03-21 19:15:27,BUY,Up,0.4700000175163201,13.701508,6.439709,"Ethereum Up or Down - March 21, 3:15PM-3:20PM ET"
1774120529,2026-03-21 19:15:29,BUY,Up,0.4100001052511982,3.705421,1.519223,"Ethereum Up or Down - March 21, 3:15PM-3:20PM ET"
1774120529,2026-03-21 19:15:29,BUY,Up,0.41,31.29,12.828899999999999,"Ethereum Up or Down - March 21, 3:15PM-3:20PM ET"
1774120529,2026-03-21 19:15:29,BUY,Down,0.52,0.74817,0.3890484,"Ethereum Up or Down - March 21, 3:15PM-3:20PM ET"
1774120531,2026-03-21 19:15:31,BUY,Up,0.33,19.75558,6.5193414,"Ethereum Up or Down - March 21, 3:15PM-3:20PM ET"
1774120531,2026-03-21 19:15:31,BUY,Up,0.3200000126933348,22.058821,7.058822999999999,"Ethereum Up or Down - March 21, 3:15PM-3:20PM ET"
1774120531,2026-03-21 19:15:31,BUY,Up,0.40999998793230263,32.66145,13.391194105851508,"XRP Up or Down - March 21, 3:15PM-3:20PM ET"
1774120531,2026-03-21 19:15:31,BUY,Up,0.35,12.47,4.3645,"Ethereum Up or Down - March 21, 3:15PM-3:20PM ET"
1774120531,2026-03-21 19:15:31,BUY,Up,0.35,16.6,5.8100000000000005,"Ethereum Up or Down - March 21, 3:15PM-3:20PM ET"
1774120531,2026-03-21 19:15:31,BUY,Down,0.65,14.63812,9.514778000000002,"Ethereum Up or Down - March 21, 3:15PM-3:20PM ET"
1774120531,2026-03-21 19:15:31,BUY,Up,0.3500000168831252,5.923074,2.073076,"Ethereum Up or Down - March 21, 3:15PM-3:20PM ET"
1774120531,2026-03-21 19:15:31,BUY,Up,0.40000003858521893,5.183332,2.073333,"XRP Up or Down - March 21, 3:15PM-3:20PM ET"
1774120531,2026-03-21 19:15:31,BUY,Up,0.39000002264852335,3.973769,1.5497699999999999,"XRP Up or Down - March 21, 3:15PM-3:20PM ET"
1774120531,2026-03-21 19:15:31,BUY,Up,0.4,1.81,0.7240000000000001,"XRP Up or Down - March 21, 3:15PM-3:20PM ET"
1774120531,2026-03-21 19:15:31,BUY,Up,0.37,3.81,1.4097,"XRP Up or Down - March 21, 3:15PM-3:20PM ET"
1774120531,2026-03-21 19:15:31,BUY,Up,0.41,7.0,2.8699999999999997,"XRP Up or Down - March 21, 3:15PM-3:20PM ET"
1774120531,2026-03-21 19:15:31,BUY,Up,0.3700000909951512,3.186983,1.179184,"XRP Up or Down - March 21, 3:15PM-3:20PM ET"
1774120531,2026-03-21 19:15:31,BUY,Up,0.39,3.02,1.1778,"XRP Up or Down - March 21, 3:15PM-3:20PM ET"
1774120531,2026-03-21 19:15:31,BUY,Down,0.5,9.0661,4.53305,"XRP Up or Down - March 21, 3:15PM-3:20PM ET"
1774120539,2026-03-21 19:15:39,BUY,Up,0.3385773949722163,34.706407,11.750804870905492,"Ethereum Up or Down - March 21, 3:15PM-3:20PM ET"
1774120545,2026-03-21 19:15:45,BUY,Down,0.66,7.72,5.0952,"Ethereum Up or Down - March 21, 3:15PM-3:20PM ET"
1774120545,2026-03-21 19:15:45,BUY,Down,0.66,6.14,4.0524,"Ethereum Up or Down - March 21, 3:15PM-3:20PM ET"
1774120545,2026-03-21 19:15:45,BUY,Down,0.6600001841667588,2.823528,1.863529,"Ethereum Up or Down - March 21, 3:15PM-3:20PM ET"
1774120547,2026-03-21 19:15:47,BUY,Down,0.67,99.76565,66.8429855,"Ethereum Up or Down - March 21, 3:15PM-3:20PM ET"
1774120549,2026-03-21 19:15:49,BUY,Down,0.71,2.78022,1.9739562,"Ethereum Up or Down - March 21, 3:15PM-3:20PM ET"
1774120553,2026-03-21 19:15:53,BUY,Down,0.7100000188383503,24.418274,17.336975,"Ethereum Up or Down - March 21, 3:15PM-3:20PM ET"
1774120553,2026-03-21 19:15:53,BUY,Down,0.7100000522000081,10.344826,7.344827,"Ethereum Up or Down - March 21, 3:15PM-3:20PM ET"
1774120555,2026-03-21 19:15:55,BUY,Down,0.6900004871438314,0.903224,0.623225,"XRP Up or Down - March 21, 3:15PM-3:20PM ET"
1774120555,2026-03-21 19:15:55,BUY,Down,0.7773333333333333,37.21914,28.93167816,"Ethereum Up or Down - March 21, 3:15PM-3:20PM ET"
1774120555,2026-03-21 19:15:55,BUY,Down,0.75,22.599610000000002,16.949707500000002,"Ethereum Up or Down - March 21, 3:15PM-3:20PM ET"
1774120555,2026-03-21 19:15:55,BUY,Down,0.78,12.46754,9.724681200000001,"Ethereum Up or Down - March 21, 3:15PM-3:20PM ET"
1774120555,2026-03-21 19:15:55,BUY,Down,0.72,4.9492,3.563424,"Ethereum Up or Down - March 21, 3:15PM-3:20PM ET"
1774120557,2026-03-21 19:15:57,BUY,Down,0.69,6.09,4.2021,"XRP Up or Down - March 21, 3:15PM-3:20PM ET"
1774120559,2026-03-21 19:15:59,BUY,Down,0.7899999986042402,56.922081999999996,44.96844470055044,"Ethereum Up or Down - March 21, 3:15PM-3:20PM ET"
1774120569,2026-03-21 19:16:09,BUY,Down,0.71,6.92581,4.9173251,"XRP Up or Down - March 21, 3:15PM-3:20PM ET"
1774120571,2026-03-21 19:16:11,BUY,Down,0.71,0.03,0.0213,"XRP Up or Down - March 21, 3:15PM-3:20PM ET"
1774120571,2026-03-21 19:16:11,BUY,Down,0.7100000918812045,6.965516,4.945517,"XRP Up or Down - March 21, 3:15PM-3:20PM ET"
1774120575,2026-03-21 19:16:15,BUY,Down,0.7,7.0,4.8999999999999995,"XRP Up or Down - March 21, 3:15PM-3:20PM ET"
1774120593,2026-03-21 19:16:33,BUY,Down,0.79,7.0,5.53,"XRP Up or Down - March 21, 3:15PM-3:20PM ET"
1774120595,2026-03-21 19:16:35,BUY,Up,0.16000000875364953,13.708568,2.193371,"Ethereum Up or Down - March 21, 3:15PM-3:20PM ET"
1774120597,2026-03-21 19:16:37,BUY,Up,0.16,6.321425,1.011428,"Ethereum Up or Down - March 21, 3:15PM-3:20PM ET"
1774120601,2026-03-21 19:16:41,BUY,Up,0.18,6.66,1.1988,"XRP Up or Down - March 21, 3:15PM-3:20PM ET"
1774120619,2026-03-21 19:16:59,BUY,Up,0.2,4.59044,0.918088,"XRP Up or Down - March 21, 3:15PM-3:20PM ET"
1774120619,2026-03-21 19:16:59,BUY,Up,0.19,7.0,1.33,"XRP Up or Down - March 21, 3:15PM-3:20PM ET"
1774120619,2026-03-21 19:16:59,BUY,Up,0.12,2.63,0.3156,"Ethereum Up or Down - March 21, 3:15PM-3:20PM ET"
1774120619,2026-03-21 19:16:59,BUY,Up,0.12,5.26,0.6312,"Ethereum Up or Down - March 21, 3:15PM-3:20PM ET"
1774120619,2026-03-21 19:16:59,BUY,Up,0.12,12.0,1.44,"Ethereum Up or Down - March 21, 3:15PM-3:20PM ET"
1774120619,2026-03-21 19:16:59,BUY,Up,0.12,10.52,1.2624,"Ethereum Up or Down - March 21, 3:15PM-3:20PM ET"
1774120621,2026-03-21 19:17:01,BUY,Up,0.12,4.59,0.5508,"Ethereum Up or Down - March 21, 3:15PM-3:20PM ET"
1774120627,2026-03-21 19:17:07,BUY,Down,0.81,7.0,5.67,"XRP Up or Down - March 21, 3:15PM-3:20PM ET"
1774120627,2026-03-21 19:17:07,BUY,Down,0.82,7.0,5.739999999999999,"XRP Up or Down - March 21, 3:15PM-3:20PM ET"
1774120633,2026-03-21 19:17:13,BUY,Up,0.15,7.0,1.05,"XRP Up or Down - March 21, 3:15PM-3:20PM ET"
1774120637,2026-03-21 19:17:17,BUY,Up,0.15,21.34291,3.2014365,"Ethereum Up or Down - March 21, 3:15PM-3:20PM ET"
1774120639,2026-03-21 19:17:19,BUY,Down,0.76,7.0,5.32,"XRP Up or Down - March 21, 3:15PM-3:20PM ET"
1774120645,2026-03-21 19:17:25,BUY,Down,0.77,4.9608,3.819816,"XRP Up or Down - March 21, 3:15PM-3:20PM ET"
1774120645,2026-03-21 19:17:25,BUY,Down,0.7799999717902208,7.0375499999999995,5.489288801472268,"XRP Up or Down - March 21, 3:15PM-3:20PM ET"
1774120645,2026-03-21 19:17:25,BUY,Down,0.78,2.1143199999999998,1.6491695999999998,"XRP Up or Down - March 21, 3:15PM-3:20PM ET"
1774120645,2026-03-21 19:17:25,BUY,Down,0.7725996161570444,6.704279,5.179723382009733,"XRP Up or Down - March 21, 3:15PM-3:20PM ET"
1774120645,2026-03-21 19:17:25,BUY,Down,0.7799999849710957,13.209729999999999,10.303589201472231,"XRP Up or Down - March 21, 3:15PM-3:20PM ET"
1774120653,2026-03-21 19:17:33,BUY,Up,0.18,7.0,1.26,"XRP Up or Down - March 21, 3:15PM-3:20PM ET"
1774120653,2026-03-21 19:17:33,BUY,Down,0.83,14.82584,12.3054472,"Ethereum Up or Down - March 21, 3:15PM-3:20PM ET"
1774120655,2026-03-21 19:17:35,BUY,Down,0.82,5.51978,4.526219599999999,"XRP Up or Down - March 21, 3:15PM-3:20PM ET"
1774120655,2026-03-21 19:17:35,BUY,Down,0.8100001501235236,4.263156,3.4531570000000005,"XRP Up or Down - March 21, 3:15PM-3:20PM ET"
1774120655,2026-03-21 19:17:35,BUY,Down,0.8499999858803848,7.053566,5.995531000406363,"XRP Up or Down - March 21, 3:15PM-3:20PM ET"
1774120657,2026-03-21 19:17:37,BUY,Up,0.19,23.85789,4.5329991000000005,"XRP Up or Down - March 21, 3:15PM-3:20PM ET"
1774120657,2026-03-21 19:17:37,BUY,Up,0.1500000850003315,1.176466,0.17647,"XRP Up or Down - March 21, 3:15PM-3:20PM ET"
1774120659,2026-03-21 19:17:39,BUY,Up,0.2,3.5375,0.7075,"XRP Up or Down - March 21, 3:15PM-3:20PM ET"
1774120659,2026-03-21 19:17:39,BUY,Up,0.22,7.0,1.54,"XRP Up or Down - March 21, 3:15PM-3:20PM ET"
1774120659,2026-03-21 19:17:39,BUY,Up,0.23,7.0,1.61,"XRP Up or Down - March 21, 3:15PM-3:20PM ET"
1774120663,2026-03-21 19:17:43,BUY,Up,0.29,35.0,10.149999999999999,"Ethereum Up or Down - March 21, 3:15PM-3:20PM ET"
1774120663,2026-03-21 19:17:43,BUY,Up,0.3,35.0,10.5,"Ethereum Up or Down - March 21, 3:15PM-3:20PM ET"
1774120671,2026-03-21 19:17:51,BUY,Up,0.2,3.46,0.6920000000000001,"XRP Up or Down - March 21, 3:15PM-3:20PM ET"
1774120671,2026-03-21 19:17:51,BUY,Up,0.21,7.0,1.47,"XRP Up or Down - March 21, 3:15PM-3:20PM ET"
1774120673,2026-03-21 19:17:53,BUY,Up,0.19000004455008665,2.469131,0.46913499999999997,"XRP Up or Down - March 21, 3:15PM-3:20PM ET"
1774120699,2026-03-21 19:18:19,BUY,Down,0.84,6.05,5.082,"XRP Up or Down - March 21, 3:15PM-3:20PM ET"
1774120699,2026-03-21 19:18:19,BUY,Down,0.86,13.162130000000001,11.3194318,"XRP Up or Down - March 21, 3:15PM-3:20PM ET"
1774120701,2026-03-21 19:18:21,BUY,Down,0.86,3.92,3.3712,"XRP Up or Down - March 21, 3:15PM-3:20PM ET"
1774120703,2026-03-21 19:18:23,BUY,Up,0.26,35.0,9.1,"Ethereum Up or Down - March 21, 3:15PM-3:20PM ET"
1774120703,2026-03-21 19:18:23,BUY,Down,0.44,2.0,0.88,"Ethereum Up or Down - March 21, 3:15PM-3:20PM ET"
1774120703,2026-03-21 19:18:23,BUY,Up,0.45,9.45299,4.2538455,"Ethereum Up or Down - March 21, 3:15PM-3:20PM ET"
1774120703,2026-03-21 19:18:23,BUY,Up,0.39,2.4449199999999998,0.9535187999999999,"Ethereum Up or Down - March 21, 3:15PM-3:20PM ET"
1774120705,2026-03-21 19:18:25,BUY,Down,0.65,7.0,4.55,"XRP Up or Down - March 21, 3:15PM-3:20PM ET"
1774120705,2026-03-21 19:18:25,BUY,Up,0.3,5.55,1.6649999999999998,"XRP Up or Down - March 21, 3:15PM-3:20PM ET"
1774120705,2026-03-21 19:18:25,BUY,Down,0.65,5.0,3.25,"XRP Up or Down - March 21, 3:15PM-3:20PM ET"
1774120705,2026-03-21 19:18:25,BUY,Down,0.65,1.37,0.8905000000000001,"XRP Up or Down - March 21, 3:15PM-3:20PM ET"
1774120705,2026-03-21 19:18:25,BUY,Down,0.45,14.65,6.5925,"Ethereum Up or Down - March 21, 3:15PM-3:20PM ET"
1774120705,2026-03-21 19:18:25,BUY,Up,0.33,7.0,2.31,"XRP Up or Down - March 21, 3:15PM-3:20PM ET"
1774120705,2026-03-21 19:18:25,BUY,Up,0.32000001893271846,6.338234,2.028235,"XRP Up or Down - March 21, 3:15PM-3:20PM ET"
1774120705,2026-03-21 19:18:25,BUY,Up,0.33,7.0,2.31,"XRP Up or Down - March 21, 3:15PM-3:20PM ET"
1774120705,2026-03-21 19:18:25,BUY,Down,0.44,10.5,4.62,"Ethereum Up or Down - March 21, 3:15PM-3:20PM ET"
1774120705,2026-03-21 19:18:25,BUY,Down,0.57,7.0,3.9899999999999998,"XRP Up or Down - March 21, 3:15PM-3:20PM ET"
1774120705,2026-03-21 19:18:25,BUY,Down,0.58,7.0,4.06,"XRP Up or Down - March 21, 3:15PM-3:20PM ET"
1774120705,2026-03-21 19:18:25,BUY,Down,0.44,2.04,0.8976000000000001,"Ethereum Up or Down - March 21, 3:15PM-3:20PM ET"
1774120707,2026-03-21 19:18:27,BUY,Down,0.6743593932159138,7.07601,4.771773809989738,"XRP Up or Down - March 21, 3:15PM-3:20PM ET"
1774120707,2026-03-21 19:18:27,BUY,Down,0.52,34.45488,17.9165376,"Ethereum Up or Down - March 21, 3:15PM-3:20PM ET"
1774120707,2026-03-21 19:18:27,BUY,Down,0.6965983915629428,5.465146000000001,3.807011913256651,"XRP Up or Down - March 21, 3:15PM-3:20PM ET"
1774120707,2026-03-21 19:18:27,BUY,Down,0.4500000196569006,20.349088,9.15709,"Ethereum Up or Down - March 21, 3:15PM-3:20PM ET"
1774120707,2026-03-21 19:18:27,BUY,Down,0.6855661092488434,10.856032,7.4425276201209405,"XRP Up or Down - March 21, 3:15PM-3:20PM ET"
1774120707,2026-03-21 19:18:27,BUY,Down,0.52,34.45488,17.9165376,"Ethereum Up or Down - March 21, 3:15PM-3:20PM ET"
1774120707,2026-03-21 19:18:27,BUY,Down,0.5121507582240671,38.614539,19.776465427322808,"Ethereum Up or Down - March 21, 3:15PM-3:20PM ET"
1774120707,2026-03-21 19:18:27,BUY,Down,0.44,20.46,9.0024,"Ethereum Up or Down - March 21, 3:15PM-3:20PM ET"
1774120707,2026-03-21 19:18:27,BUY,Down,0.6633083570767951,11.806151,7.831118623210562,"XRP Up or Down - March 21, 3:15PM-3:20PM ET"
1774120709,2026-03-21 19:18:29,BUY,Up,0.29,1.46,0.42339999999999994,"Ethereum Up or Down - March 21, 3:15PM-3:20PM ET"
1774120731,2026-03-21 19:18:51,BUY,Up,0.2700000106869392,12.164381,3.284383,"Ethereum Up or Down - March 21, 3:15PM-3:20PM ET"
1774120731,2026-03-21 19:18:51,BUY,Down,0.73,4.95144,3.6145511999999997,"Ethereum Up or Down - March 21, 3:15PM-3:20PM ET"
1774120731,2026-03-21 19:18:51,BUY,Down,0.73,4.95144,3.6145511999999997,"Ethereum Up or Down - March 21, 3:15PM-3:20PM ET"
1774120731,2026-03-21 19:18:51,BUY,Up,0.27,5.9863,1.616301,"Ethereum Up or Down - March 21, 3:15PM-3:20PM ET"
1774120731,2026-03-21 19:18:51,BUY,Down,0.73,4.95144,3.6145511999999997,"Ethereum Up or Down - March 21, 3:15PM-3:20PM ET"
1774120743,2026-03-21 19:19:03,BUY,Up,0.23,5.0,1.1500000000000001,"XRP Up or Down - March 21, 3:15PM-3:20PM ET"
1774120743,2026-03-21 19:19:03,BUY,Up,0.2200000324249484,5.551281,1.221282,"XRP Up or Down - March 21, 3:15PM-3:20PM ET"
1774120743,2026-03-21 19:19:03,BUY,Up,0.23,7.0,1.61,"XRP Up or Down - March 21, 3:15PM-3:20PM ET"
1774120745,2026-03-21 19:19:05,BUY,Up,0.22,1.44,0.31679999999999997,"XRP Up or Down - March 21, 3:15PM-3:20PM ET"
1774120747,2026-03-21 19:19:07,BUY,Up,0.21,3.2,0.672,"XRP Up or Down - March 21, 3:15PM-3:20PM ET"
1774120747,2026-03-21 19:19:07,BUY,Up,0.21000003686668953,3.797466,0.7974680000000001,"XRP Up or Down - March 21, 3:15PM-3:20PM ET"
1774120749,2026-03-21 19:19:09,BUY,Down,0.81,7.0,5.67,"XRP Up or Down - March 21, 3:15PM-3:20PM ET"
1774120749,2026-03-21 19:19:09,BUY,Up,0.17,7.0,1.1900000000000002,"XRP Up or Down - March 21, 3:15PM-3:20PM ET"
1774120749,2026-03-21 19:19:09,BUY,Up,0.2111852855175974,27.038380999999998,5.71010821141858,"XRP Up or Down - March 21, 3:15PM-3:20PM ET"
1774120751,2026-03-21 19:19:11,BUY,Down,0.83,7.96019,6.6069577,"XRP Up or Down - March 21, 3:15PM-3:20PM ET"
1774120757,2026-03-21 19:19:17,BUY,Down,0.8500001125000282,6.666665,5.666666,"XRP Up or Down - March 21, 3:15PM-3:20PM ET"
1774120757,2026-03-21 19:19:17,BUY,Down,0.84,6.25,5.25,"XRP Up or Down - March 21, 3:15PM-3:20PM ET"
1774120763,2026-03-21 19:19:23,BUY,Down,0.85,7.0,5.95,"XRP Up or Down - March 21, 3:15PM-3:20PM ET"
1774120763,2026-03-21 19:19:23,BUY,Down,0.86,0.22917,0.19708620000000002,"XRP Up or Down - March 21, 3:15PM-3:20PM ET"
1774120763,2026-03-21 19:19:23,BUY,Down,0.8599999871257371,7.739295,6.655793600362282,"XRP Up or Down - March 21, 3:15PM-3:20PM ET"
1774120765,2026-03-21 19:19:25,BUY,Up,0.2100000843259758,2.253161,0.473164,"Ethereum Up or Down - March 21, 3:15PM-3:20PM ET"
1774120765,2026-03-21 19:19:25,BUY,Up,0.21000001738001353,6.329109,1.329113,"Ethereum Up or Down - March 21, 3:15PM-3:20PM ET"
1774120767,2026-03-21 19:19:27,BUY,Down,0.8893224145105982,7.066886,6.2847401205911435,"XRP Up or Down - March 21, 3:15PM-3:20PM ET"
1774120767,2026-03-21 19:19:27,BUY,Down,0.8799999946747312,7.490418,6.591567800111511,"XRP Up or Down - March 21, 3:15PM-3:20PM ET"
1774120777,2026-03-21 19:19:37,BUY,Up,0.31,34.59966,10.7258946,"Ethereum Up or Down - March 21, 3:15PM-3:20PM ET"
1774120777,2026-03-21 19:19:37,BUY,Up,0.31,8.34347,2.5864757,"Ethereum Up or Down - March 21, 3:15PM-3:20PM ET"
1774120779,2026-03-21 19:19:39,BUY,Up,0.29000001038771095,19.25352,5.583521000000001,"Ethereum Up or Down - March 21, 3:15PM-3:20PM ET"
1774120779,2026-03-21 19:19:39,BUY,Up,0.29,3.13,0.9077,"Ethereum Up or Down - March 21, 3:15PM-3:20PM ET"
1774120779,2026-03-21 19:19:39,BUY,Up,0.29000002982001066,7.042251,2.042253,"Ethereum Up or Down - March 21, 3:15PM-3:20PM ET"
1774120781,2026-03-21 19:19:41,BUY,Up,0.29,5.56,1.6123999999999998,"Ethereum Up or Down - March 21, 3:15PM-3:20PM ET"
1774120791,2026-03-21 19:19:51,BUY,Up,0.18,16.85,3.0330000000000004,"Ethereum Up or Down - March 21, 3:15PM-3:20PM ET"
1774120791,2026-03-21 19:19:51,BUY,Down,0.84,27.12695,22.786638,"Ethereum Up or Down - March 21, 3:15PM-3:20PM ET"
1774120795,2026-03-21 19:19:55,BUY,Up,0.11,15.91,1.7501,"Ethereum Up or Down - March 21, 3:15PM-3:20PM ET"
1774120795,2026-03-21 19:19:55,BUY,Up,0.11,5.0,0.55,"Ethereum Up or Down - March 21, 3:15PM-3:20PM ET"
1774120795,2026-03-21 19:19:55,BUY,Up,0.11,14.09,1.5499,"Ethereum Up or Down - March 21, 3:15PM-3:20PM ET"
1774120807,2026-03-21 19:20:07,BUY,Down,0.42000009860008186,3.448273,1.448275,"XRP Up or Down - March 21, 3:20PM-3:25PM ET"
1774120809,2026-03-21 19:20:09,BUY,Down,0.41,5.44,2.2304,"XRP Up or Down - March 21, 3:20PM-3:25PM ET"
1774120809,2026-03-21 19:20:09,BUY,Down,0.3100000414000389,1.449274,0.449275,"Ethereum Up or Down - March 21, 3:20PM-3:25PM ET"
1774120809,2026-03-21 19:20:09,BUY,Up,0.67,6.0,4.0200000000000005,"Ethereum Up or Down - March 21, 3:20PM-3:25PM ET"
1774120809,2026-03-21 19:20:09,BUY,Down,0.34,8.03,2.7302,"Ethereum Up or Down - March 21, 3:20PM-3:25PM ET"
1774120809,2026-03-21 19:20:09,BUY,Down,0.39,2.0,0.78,"XRP Up or Down - March 21, 3:20PM-3:25PM ET"
1774120809,2026-03-21 19:20:09,BUY,Up,0.58,1.29,0.7482,"XRP Up or Down - March 21, 3:20PM-3:25PM ET"
1774120809,2026-03-21 19:20:09,BUY,Up,0.59,7.0,4.13,"XRP Up or Down - March 21, 3:20PM-3:25PM ET"
1774120811,2026-03-21 19:20:11,BUY,Up,0.59,5.0,2.9499999999999997,"XRP Up or Down - March 21, 3:20PM-3:25PM ET"
1774120811,2026-03-21 19:20:11,,,0.0,98.951131,0.0,"Ethereum Up or Down - March 21, 3:10PM-3:15PM ET"
1774120811,2026-03-21 19:20:11,,,0.0,185.801789,0.0,"XRP Up or Down - March 21, 3:10PM-3:15PM ET"
1774120811,2026-03-21 19:20:11,BUY,Down,0.31,5.63,1.7452999999999999,"Ethereum Up or Down - March 21, 3:20PM-3:25PM ET"
1774120811,2026-03-21 19:20:11,BUY,Down,0.38,7.0,2.66,"XRP Up or Down - March 21, 3:20PM-3:25PM ET"
1774120811,2026-03-21 19:20:11,BUY,Down,0.31,15.0,4.65,"Ethereum Up or Down - March 21, 3:20PM-3:25PM ET"
1774120811,2026-03-21 19:20:11,BUY,Down,0.38,7.0,2.66,"XRP Up or Down - March 21, 3:20PM-3:25PM ET"
1774120811,2026-03-21 19:20:11,BUY,Down,0.39,3.36,1.3104,"XRP Up or Down - March 21, 3:20PM-3:25PM ET"
1774120811,2026-03-21 19:20:11,BUY,Up,0.67,7.25,4.8575,"Ethereum Up or Down - March 21, 3:20PM-3:25PM ET"
1774120811,2026-03-21 19:20:11,BUY,Down,0.39000014030010804,1.639343,0.639344,"XRP Up or Down - March 21, 3:20PM-3:25PM ET"
1774120813,2026-03-21 19:20:13,BUY,Up,0.67,35.0,23.450000000000003,"Ethereum Up or Down - March 21, 3:20PM-3:25PM ET"
1774120813,2026-03-21 19:20:13,BUY,Down,0.31,5.0,1.55,"Ethereum Up or Down - March 21, 3:20PM-3:25PM ET"
1774120813,2026-03-21 19:20:13,BUY,Up,0.6,6.15,3.69,"Ethereum Up or Down - March 21, 3:20PM-3:25PM ET"
1774120813,2026-03-21 19:20:13,BUY,Up,0.490000131363702,2.588234,1.268235,"XRP Up or Down - March 21, 3:20PM-3:25PM ET"
1774120813,2026-03-21 19:20:13,BUY,Up,0.49,4.41,2.1609,"XRP Up or Down - March 21, 3:20PM-3:25PM ET"
1774120813,2026-03-21 19:20:13,BUY,Up,0.67,21.75,14.572500000000002,"Ethereum Up or Down - March 21, 3:20PM-3:25PM ET"
1774120813,2026-03-21 19:20:13,BUY,Up,0.6,10.85,6.51,"Ethereum Up or Down - March 21, 3:20PM-3:25PM ET"
1774120813,2026-03-21 19:20:13,BUY,Up,0.6,10.8,6.48,"Ethereum Up or Down - March 21, 3:20PM-3:25PM ET"
1774120813,2026-03-21 19:20:13,BUY,Up,0.6,7.0,4.2,"XRP Up or Down - March 21, 3:20PM-3:25PM ET"
1774120815,2026-03-21 19:20:15,BUY,Down,0.49,5.0,2.45,"XRP Up or Down - March 21, 3:20PM-3:25PM ET"
1774120815,2026-03-21 19:20:15,BUY,Down,0.49,7.0,3.4299999999999997,"XRP Up or Down - March 21, 3:20PM-3:25PM ET"
1774120817,2026-03-21 19:20:17,BUY,Up,0.4400001680000896,2.142856,0.9428570000000001,"XRP Up or Down - March 21, 3:20PM-3:25PM ET"
1774120817,2026-03-21 19:20:17,BUY,Up,0.42,5.15,2.1630000000000003,"XRP Up or Down - March 21, 3:20PM-3:25PM ET"
1774120817,2026-03-21 19:20:17,BUY,Up,0.45,6.44,2.898,"XRP Up or Down - March 21, 3:20PM-3:25PM ET"
1774120817,2026-03-21 19:20:17,BUY,Up,0.44,7.0,3.08,"XRP Up or Down - March 21, 3:20PM-3:25PM ET"
1774120817,2026-03-21 19:20:17,BUY,Up,0.45,0.56,0.25200000000000006,"XRP Up or Down - March 21, 3:20PM-3:25PM ET"
1774120819,2026-03-21 19:20:19,BUY,Up,0.44,4.85,2.134,"XRP Up or Down - March 21, 3:20PM-3:25PM ET"
1774120821,2026-03-21 19:20:21,BUY,Up,0.4200001378218859,1.741378,0.731379,"XRP Up or Down - March 21, 3:20PM-3:25PM ET"
1774120821,2026-03-21 19:20:21,BUY,Up,0.43,7.0,3.01,"XRP Up or Down - March 21, 3:20PM-3:25PM ET"
1774120823,2026-03-21 19:20:23,BUY,Up,0.42,0.1,0.042,"XRP Up or Down - March 21, 3:20PM-3:25PM ET"
1774120827,2026-03-21 19:20:27,BUY,Up,0.43,7.87986,3.3883398,"XRP Up or Down - March 21, 3:20PM-3:25PM ET"
1774120827,2026-03-21 19:20:27,BUY,Up,0.41,6.62,2.7142,"XRP Up or Down - March 21, 3:20PM-3:25PM ET"
1774120833,2026-03-21 19:20:33,,,0.0,532.743476,0.0,"Ethereum Up or Down - March 21, 3:15PM-3:20PM ET"
1774120863,2026-03-21 19:21:03,BUY,Down,0.38,35.0,13.3,"Ethereum Up or Down - March 21, 3:20PM-3:25PM ET"
1774120869,2026-03-21 19:21:09,BUY,Down,0.4200001761916613,1.816204,0.762806,"Ethereum Up or Down - March 21, 3:20PM-3:25PM ET"
1774120869,2026-03-21 19:21:09,BUY,Down,0.42,34.48077,14.4819234,"Ethereum Up or Down - March 21, 3:20PM-3:25PM ET"
1774120875,2026-03-21 19:21:15,BUY,Up,0.42,19.7033,8.275386,"Ethereum Up or Down - March 21, 3:20PM-3:25PM ET"
1774120877,2026-03-21 19:21:17,BUY,Down,0.56,35.0,19.6,"Ethereum Up or Down - March 21, 3:20PM-3:25PM ET"
1774120887,2026-03-21 19:21:27,BUY,Down,0.48,7.32167,3.5144016,"XRP Up or Down - March 21, 3:20PM-3:25PM ET"
1774120887,2026-03-21 19:21:27,BUY,Down,0.48,7.32167,3.5144016,"XRP Up or Down - March 21, 3:20PM-3:25PM ET"
1774120887,2026-03-21 19:21:27,BUY,Down,0.48,7.32167,3.5144016,"XRP Up or Down - March 21, 3:20PM-3:25PM ET"
1774120887,2026-03-21 19:21:27,BUY,Down,0.55,7.0,3.8500000000000005,"XRP Up or Down - March 21, 3:20PM-3:25PM ET"
1774120887,2026-03-21 19:21:27,BUY,Down,0.48688670986226723,8.41077,4.0950921327082614,"XRP Up or Down - March 21, 3:20PM-3:25PM ET"
1774120887,2026-03-21 19:21:27,BUY,Down,0.56,35.0,19.6,"Ethereum Up or Down - March 21, 3:20PM-3:25PM ET"
1774120887,2026-03-21 19:21:27,BUY,Down,0.4799999725714223,7.178105,3.4454902031147894,"XRP Up or Down - March 21, 3:20PM-3:25PM ET"
1774120887,2026-03-21 19:21:27,BUY,Down,0.4899999625294036,6.830444000000001,3.34691730405919,"XRP Up or Down - March 21, 3:20PM-3:25PM ET"
1774120887,2026-03-21 19:21:27,BUY,Down,0.4707692190741375,18.130875,8.535457864880803,"XRP Up or Down - March 21, 3:20PM-3:25PM ET"
1774120887,2026-03-21 19:21:27,BUY,Down,0.4799999725714223,7.178105,3.4454902031147894,"XRP Up or Down - March 21, 3:20PM-3:25PM ET"
1774120893,2026-03-21 19:21:33,BUY,Down,0.58,17.53594,10.170845199999999,"Ethereum Up or Down - March 21, 3:20PM-3:25PM ET"
1774120921,2026-03-21 19:22:01,BUY,Up,0.49000020231413655,2.372548,1.162549,"XRP Up or Down - March 21, 3:20PM-3:25PM ET"
1774120923,2026-03-21 19:22:03,BUY,Down,0.55,67.7464,37.26052,"Ethereum Up or Down - March 21, 3:20PM-3:25PM ET"
1774120933,2026-03-21 19:22:13,BUY,Up,0.6500000459016484,8.714284,5.664285,"Ethereum Up or Down - March 21, 3:20PM-3:25PM ET"
1774120935,2026-03-21 19:22:15,BUY,Up,0.65,1.5,0.9750000000000001,"Ethereum Up or Down - March 21, 3:20PM-3:25PM ET"
1774120935,2026-03-21 19:22:15,BUY,Up,0.6500001166666926,5.142856,3.342857,"Ethereum Up or Down - March 21, 3:20PM-3:25PM ET"
1774120937,2026-03-21 19:22:17,BUY,Up,0.5,7.0,3.5,"XRP Up or Down - March 21, 3:20PM-3:25PM ET"
1774120939,2026-03-21 19:22:19,BUY,Up,0.6856525242591358,84.891503,58.206073320102,"Ethereum Up or Down - March 21, 3:20PM-3:25PM ET"
1774120941,2026-03-21 19:22:21,BUY,Up,0.68,11.0,7.48,"Ethereum Up or Down - March 21, 3:20PM-3:25PM ET"
1774120941,2026-03-21 19:22:21,BUY,Up,0.68,3.91,2.6588000000000003,"Ethereum Up or Down - March 21, 3:20PM-3:25PM ET"
1774120941,2026-03-21 19:22:21,BUY,Up,0.68,5.15625,3.50625,"Ethereum Up or Down - March 21, 3:20PM-3:25PM ET"
1774120943,2026-03-21 19:22:23,BUY,Up,0.69,8.34,5.754599999999999,"Ethereum Up or Down - March 21, 3:20PM-3:25PM ET"
1774120943,2026-03-21 19:22:23,BUY,Up,0.69,8.47,5.8443,"Ethereum Up or Down - March 21, 3:20PM-3:25PM ET"
1774120943,2026-03-21 19:22:23,BUY,Up,0.69,7.0,4.83,"Ethereum Up or Down - March 21, 3:20PM-3:25PM ET"
1774120953,2026-03-21 19:22:33,BUY,Up,0.71,35.0,24.849999999999998,"Ethereum Up or Down - March 21, 3:20PM-3:25PM ET"
1774120957,2026-03-21 19:22:37,BUY,Up,0.8199999960481925,35.233877,28.8917790007625,"Ethereum Up or Down - March 21, 3:20PM-3:25PM ET"
1774120969,2026-03-21 19:22:49,BUY,Up,0.77,29.66556,22.8424812,"Ethereum Up or Down - March 21, 3:20PM-3:25PM ET"
