#,timestamp,time_utc,side,outcome,price,size,usdc,market
1,1774098111,2026-03-21 13:01:51,BUY,Down,0.34,23.75,8.075000000000001,"Bitcoin Up or Down - March 21, 9:00AM-9:05AM ET"
2,1774098111,2026-03-21 13:01:51,BUY,Down,0.34,1.51515,0.515151,"Bitcoin Up or Down - March 21, 9:00AM-9:05AM ET"
3,1774098111,2026-03-21 13:01:51,BUY,Down,0.34,75.725,25.7465,"Bitcoin Up or Down - March 21, 9:00AM-9:05AM ET"
4,1774098117,2026-03-21 13:01:57,BUY,Down,0.36,2.05,0.7379999999999999,"Bitcoin Up or Down - March 21, 9:00AM-9:05AM ET"
5,1774098117,2026-03-21 13:01:57,BUY,Down,0.36,11.84075,4.26267,"Bitcoin Up or Down - March 21, 9:00AM-9:05AM ET"
6,1774098117,2026-03-21 13:01:57,BUY,Down,0.36,2.0,0.72,"Bitcoin Up or Down - March 21, 9:00AM-9:05AM ET"
7,1774098117,2026-03-21 13:01:57,BUY,Down,0.36,7.8125,2.8125,"Bitcoin Up or Down - March 21, 9:00AM-9:05AM ET"
8,1774098119,2026-03-21 13:01:59,BUY,Down,0.39,99.57095,38.8326705,"Bitcoin Up or Down - March 21, 9:00AM-9:05AM ET"
9,1774098119,2026-03-21 13:01:59,BUY,Down,0.38,98.5,37.43,"Bitcoin Up or Down - March 21, 9:00AM-9:05AM ET"
10,1774098119,2026-03-21 13:01:59,BUY,Down,0.38,2.5,0.95,"Bitcoin Up or Down - March 21, 9:00AM-9:05AM ET"
11,1774098125,2026-03-21 13:02:05,BUY,Down,0.47,5.0,2.3499999999999996,"Bitcoin Up or Down - March 21, 9:00AM-9:05AM ET"
12,1774098125,2026-03-21 13:02:05,BUY,Down,0.4700001219000939,1.886791,0.8867920000000001,"Bitcoin Up or Down - March 21, 9:00AM-9:05AM ET"
13,1774098127,2026-03-21 13:02:07,BUY,Down,0.46,6.0,2.7600000000000002,"Bitcoin Up or Down - March 21, 9:00AM-9:05AM ET"
14,1774098127,2026-03-21 13:02:07,BUY,Down,0.46,1.0,0.46,"Bitcoin Up or Down - March 21, 9:00AM-9:05AM ET"
15,1774098127,2026-03-21 13:02:07,BUY,Down,0.46,4.82,2.2172,"Bitcoin Up or Down - March 21, 9:00AM-9:05AM ET"
16,1774098127,2026-03-21 13:02:07,BUY,Down,0.46,10.0,4.6000000000000005,"Bitcoin Up or Down - March 21, 9:00AM-9:05AM ET"
17,1774098127,2026-03-21 13:02:07,BUY,Down,0.46,17.13,7.8797999999999995,"Bitcoin Up or Down - March 21, 9:00AM-9:05AM ET"
18,1774098127,2026-03-21 13:02:07,BUY,Down,0.49171485148514854,99.42275,48.88764275049505,"Bitcoin Up or Down - March 21, 9:00AM-9:05AM ET"
19,1774098127,2026-03-21 13:02:07,BUY,Down,0.46279828018631314,82.43617,38.151317701146546,"Bitcoin Up or Down - March 21, 9:00AM-9:05AM ET"
20,1774098127,2026-03-21 13:02:07,BUY,Down,0.47,10.38,4.8786000000000005,"Bitcoin Up or Down - March 21, 9:00AM-9:05AM ET"
21,1774098127,2026-03-21 13:02:07,BUY,Down,0.4022415841584158,99.54023,40.03921980269306,"Bitcoin Up or Down - March 21, 9:00AM-9:05AM ET"
22,1774098129,2026-03-21 13:02:09,BUY,Down,0.46,62.05,28.543,"Bitcoin Up or Down - March 21, 9:00AM-9:05AM ET"
23,1774098129,2026-03-21 13:02:09,SELL,Down,0.43,101.0,43.43,"Bitcoin Up or Down - March 21, 9:00AM-9:05AM ET"
24,1774098133,2026-03-21 13:02:13,BUY,Up,0.55,12.0,6.6000000000000005,"Bitcoin Up or Down - March 21, 9:00AM-9:15AM ET"
25,1774098133,2026-03-21 13:02:13,BUY,Up,0.14000001134066292,10.581392,1.4813949999999998,"Ethereum Up or Down - March 21, 9:00AM-9:05AM ET"
26,1774098133,2026-03-21 13:02:13,BUY,Up,0.55,6.4,3.5200000000000005,"Bitcoin Up or Down - March 21, 9:00AM-9:15AM ET"
27,1774098133,2026-03-21 13:02:13,BUY,Up,0.14000001137191007,7.034878,0.984883,"Ethereum Up or Down - March 21, 9:00AM-9:05AM ET"
28,1774098133,2026-03-21 13:02:13,BUY,Up,0.55,12.0,6.6000000000000005,"Bitcoin Up or Down - March 21, 9:00AM-9:15AM ET"
29,1774098133,2026-03-21 13:02:13,BUY,Up,0.14000000566162132,7.065114,0.9891160000000001,"Ethereum Up or Down - March 21, 9:00AM-9:05AM ET"
30,1774098133,2026-03-21 13:02:13,BUY,Up,0.55,20.6,11.330000000000002,"Bitcoin Up or Down - March 21, 9:00AM-9:15AM ET"
31,1774098135,2026-03-21 13:02:15,BUY,Up,0.54,51.0,27.540000000000003,"Bitcoin Up or Down - March 21, 9:00AM-9:15AM ET"
32,1774098143,2026-03-21 13:02:23,BUY,Up,0.43,5.0,2.15,"Bitcoin Up or Down - March 21, 9:00AM-9:05AM ET"
33,1774098143,2026-03-21 13:02:23,BUY,Up,0.43,40.0,17.2,"Bitcoin Up or Down - March 21, 9:00AM-9:05AM ET"
34,1774098143,2026-03-21 13:02:23,BUY,Up,0.43,8.72,3.7496,"Bitcoin Up or Down - March 21, 9:00AM-9:05AM ET"
35,1774098143,2026-03-21 13:02:23,BUY,Up,0.43,20.0,8.6,"Bitcoin Up or Down - March 21, 9:00AM-9:05AM ET"
36,1774098143,2026-03-21 13:02:23,BUY,Up,0.4300000269235571,14.114034,6.069035,"Bitcoin Up or Down - March 21, 9:00AM-9:05AM ET"
37,1774098143,2026-03-21 13:02:23,BUY,Up,0.4300000007600001,13.157893,5.657894,"Bitcoin Up or Down - March 21, 9:00AM-9:05AM ET"
38,1774098149,2026-03-21 13:02:29,BUY,Up,0.22000000624000088,25.641022,5.641025,"Bitcoin Up or Down - March 21, 9:00AM-9:05AM ET"
39,1774098149,2026-03-21 13:02:29,BUY,Up,0.23,36.81,8.4663,"Bitcoin Up or Down - March 21, 9:00AM-9:05AM ET"
40,1774098149,2026-03-21 13:02:29,BUY,Up,0.2300000198424453,7.055582,1.622784,"Bitcoin Up or Down - March 21, 9:00AM-9:05AM ET"
41,1774098151,2026-03-21 13:02:31,BUY,Up,0.220000013069866,10.711663,2.356566,"Bitcoin Up or Down - March 21, 9:00AM-9:05AM ET"
42,1774098151,2026-03-21 13:02:31,BUY,Up,0.22000000347191542,5.760509,1.267312,"Bitcoin Up or Down - March 21, 9:00AM-9:05AM ET"
43,1774098173,2026-03-21 13:02:53,BUY,Down,0.5,101.0,50.5,"Bitcoin Up or Down - March 21, 9:00AM-9:05AM ET"
44,1774098173,2026-03-21 13:02:53,BUY,Down,0.51,101.0,51.51,"Bitcoin Up or Down - March 21, 9:00AM-9:05AM ET"
45,1774098173,2026-03-21 13:02:53,BUY,Down,0.52,101.0,52.52,"Bitcoin Up or Down - March 21, 9:00AM-9:05AM ET"
46,1774098173,2026-03-21 13:02:53,BUY,Down,0.53,101.0,53.53,"Bitcoin Up or Down - March 21, 9:00AM-9:05AM ET"
47,1774098173,2026-03-21 13:02:53,BUY,Down,0.54,101.0,54.540000000000006,"Bitcoin Up or Down - March 21, 9:00AM-9:05AM ET"
48,1774098173,2026-03-21 13:02:53,SELL,Up,0.45,101.0,45.45,"Bitcoin Up or Down - March 21, 9:00AM-9:05AM ET"
49,1774098173,2026-03-21 13:02:53,BUY,Down,0.56,101.0,56.56,"Bitcoin Up or Down - March 21, 9:00AM-9:05AM ET"
50,1774098173,2026-03-21 13:02:53,BUY,Down,0.57,101.0,57.56999999999999,"Bitcoin Up or Down - March 21, 9:00AM-9:05AM ET"
51,1774098173,2026-03-21 13:02:53,BUY,Down,0.58,101.0,58.58,"Bitcoin Up or Down - March 21, 9:00AM-9:05AM ET"
52,1774098173,2026-03-21 13:02:53,SELL,Up,0.41,101.0,41.41,"Bitcoin Up or Down - March 21, 9:00AM-9:05AM ET"
53,1774098173,2026-03-21 13:02:53,SELL,Up,0.4,101.0,40.400000000000006,"Bitcoin Up or Down - March 21, 9:00AM-9:05AM ET"
54,1774098173,2026-03-21 13:02:53,BUY,Down,0.61,101.0,61.61,"Bitcoin Up or Down - March 21, 9:00AM-9:05AM ET"
55,1774098173,2026-03-21 13:02:53,SELL,Up,0.38,101.0,38.38,"Bitcoin Up or Down - March 21, 9:00AM-9:05AM ET"
56,1774098191,2026-03-21 13:03:11,,,0.0,0.0,0.0,"Bitcoin Up or Down - March 21, 8:45AM-9:00AM ET"
57,1774098191,2026-03-21 13:03:11,,,0.0,0.0,0.0,"Ethereum Up or Down - March 21, 8:50AM-8:55AM ET"
58,1774098191,2026-03-21 13:03:11,,,0.0,511.539334,0.0,"Bitcoin Up or Down - March 21, 8:45AM-8:50AM ET"
59,1774098191,2026-03-21 13:03:11,,,0.0,0.0,0.0,"Bitcoin Up or Down - March 21, 8:45AM-8:50AM ET"
60,1774098191,2026-03-21 13:03:11,,,0.0,713.242259,0.0,"Ethereum Up or Down - March 21, 8:45AM-8:50AM ET"
61,1774098191,2026-03-21 13:03:11,,,0.0,0.0,0.0,"Bitcoin Up or Down - March 21, 8:50AM-8:55AM ET"
62,1774098191,2026-03-21 13:03:11,,,0.0,791.282727,0.0,"Bitcoin Up or Down - March 21, 8:50AM-8:55AM ET"
63,1774098191,2026-03-21 13:03:11,,,0.0,1158.470596,0.0,"Bitcoin Up or Down - March 21, 8:55AM-9:00AM ET"
64,1774098191,2026-03-21 13:03:11,,,0.0,0.0,0.0,"Ethereum Up or Down - March 21, 8:45AM-8:50AM ET"
65,1774098191,2026-03-21 13:03:11,,,0.0,0.0,0.0,"Bitcoin Up or Down - March 21, 8:55AM-9:00AM ET"
66,1774098195,2026-03-21 13:03:15,,,0.0,46.66831,0.0,"Ethereum Up or Down - March 21, 8:45AM-9:00AM ET"
67,1774098195,2026-03-21 13:03:15,,,0.0,196.458989,0.0,"Ethereum Up or Down - March 21, 8:50AM-8:55AM ET"
68,1774098195,2026-03-21 13:03:15,,,0.0,0.0,0.0,"Ethereum Up or Down - March 21, 8:45AM-9:00AM ET"
69,1774098195,2026-03-21 13:03:15,,,0.0,401.030944,0.0,"Ethereum Up or Down - March 21, 8:55AM-9:00AM ET"
70,1774098195,2026-03-21 13:03:15,,,0.0,0.0,0.0,"Ethereum Up or Down - March 21, 8:55AM-9:00AM ET"
71,1774098195,2026-03-21 13:03:15,,,0.0,445.984388,0.0,"Bitcoin Up or Down - March 21, 8:45AM-9:00AM ET"
72,1774098205,2026-03-21 13:03:25,BUY,Up,0.3200001088000914,1.470587,0.470588,"Bitcoin Up or Down - March 21, 9:00AM-9:05AM ET"
73,1774098205,2026-03-21 13:03:25,BUY,Up,0.3200000251077068,4.779409,1.529411,"Bitcoin Up or Down - March 21, 9:00AM-9:05AM ET"
74,1774098205,2026-03-21 13:03:25,BUY,Up,0.32,9.33,2.9856000000000003,"Bitcoin Up or Down - March 21, 9:00AM-9:05AM ET"
75,1774098205,2026-03-21 13:03:25,BUY,Up,0.32,3.29235,1.053552,"Bitcoin Up or Down - March 21, 9:00AM-9:05AM ET"
76,1774098205,2026-03-21 13:03:25,BUY,Up,0.32,5.0,1.6,"Bitcoin Up or Down - March 21, 9:00AM-9:05AM ET"
77,1774098205,2026-03-21 13:03:25,BUY,Up,0.365109900990099,99.64324,36.38073349073267,"Bitcoin Up or Down - March 21, 9:00AM-9:05AM ET"
78,1774098207,2026-03-21 13:03:27,BUY,Up,0.32,4.88,1.5616,"Bitcoin Up or Down - March 21, 9:00AM-9:05AM ET"
79,1774098207,2026-03-21 13:03:27,BUY,Up,0.32,7.33,2.3456,"Bitcoin Up or Down - March 21, 9:00AM-9:05AM ET"
80,1774098207,2026-03-21 13:03:27,BUY,Up,0.32,2.941175,0.941176,"Bitcoin Up or Down - March 21, 9:00AM-9:05AM ET"
81,1774098207,2026-03-21 13:03:27,BUY,Up,0.32,10.29,3.2927999999999997,"Bitcoin Up or Down - March 21, 9:00AM-9:05AM ET"
82,1774098207,2026-03-21 13:03:27,BUY,Up,0.3200001088000914,1.470587,0.470588,"Bitcoin Up or Down - March 21, 9:00AM-9:05AM ET"
83,1774098209,2026-03-21 13:03:29,BUY,Up,0.32000000996337713,4.014703,1.284705,"Bitcoin Up or Down - March 21, 9:00AM-9:05AM ET"
84,1774098211,2026-03-21 13:03:31,BUY,Up,0.32000000475140333,33.674262,10.775764,"Bitcoin Up or Down - March 21, 9:00AM-9:05AM ET"
85,1774098217,2026-03-21 13:03:37,BUY,Up,0.3,1.34357,0.40307099999999996,"Bitcoin Up or Down - March 21, 9:00AM-9:05AM ET"
86,1774098217,2026-03-21 13:03:37,BUY,Up,0.3000000013428896,74.466283,22.339885,"Bitcoin Up or Down - March 21, 9:00AM-9:05AM ET"
87,1774098217,2026-03-21 13:03:37,BUY,Up,0.3,14.12,4.236,"Bitcoin Up or Down - March 21, 9:00AM-9:05AM ET"
88,1774098217,2026-03-21 13:03:37,BUY,Up,0.3,3.88,1.164,"Bitcoin Up or Down - March 21, 9:00AM-9:05AM ET"
89,1774098219,2026-03-21 13:03:39,BUY,Up,0.3,7.18,2.154,"Bitcoin Up or Down - March 21, 9:00AM-9:05AM ET"
90,1774098227,2026-03-21 13:03:47,BUY,Up,0.27,5.0,1.35,"Bitcoin Up or Down - March 21, 9:00AM-9:05AM ET"
91,1774098227,2026-03-21 13:03:47,BUY,Up,0.27,17.28,4.6656,"Bitcoin Up or Down - March 21, 9:00AM-9:05AM ET"
92,1774098227,2026-03-21 13:03:47,BUY,Up,0.27000018980014046,1.369862,0.369863,"Bitcoin Up or Down - March 21, 9:00AM-9:05AM ET"
93,1774098227,2026-03-21 13:03:47,BUY,Up,0.27,2.0,0.54,"Bitcoin Up or Down - March 21, 9:00AM-9:05AM ET"
94,1774098241,2026-03-21 13:04:01,BUY,Down,0.59,4.92686,2.9068473999999997,"Bitcoin Up or Down - March 21, 9:00AM-9:15AM ET"
95,1774098251,2026-03-21 13:04:11,BUY,Up,0.18981980198019802,100.40282,19.058443410653467,"Bitcoin Up or Down - March 21, 9:00AM-9:05AM ET"
96,1774098305,2026-03-21 13:05:05,BUY,Up,0.21,5.0,1.05,"Ethereum Up or Down - March 21, 9:00AM-9:15AM ET"
97,1774098305,2026-03-21 13:05:05,BUY,Up,0.5140594059405941,99.42437,51.11003257821782,"Bitcoin Up or Down - March 21, 9:05AM-9:10AM ET"
98,1774098305,2026-03-21 13:05:05,BUY,Up,0.51,99.42314,50.705801400000006,"Bitcoin Up or Down - March 21, 9:05AM-9:10AM ET"
99,1774098307,2026-03-21 13:05:07,BUY,Up,0.53,1.13,0.5989,"Bitcoin Up or Down - March 21, 9:05AM-9:10AM ET"
100,1774098307,2026-03-21 13:05:07,BUY,Up,0.5600001936001084,2.272726,1.2727270000000002,"Bitcoin Up or Down - March 21, 9:05AM-9:10AM ET"
101,1774098307,2026-03-21 13:05:07,BUY,Up,0.56,5.0,2.8000000000000003,"Bitcoin Up or Down - March 21, 9:05AM-9:10AM ET"
102,1774098307,2026-03-21 13:05:07,BUY,Up,0.56,10.0,5.6000000000000005,"Bitcoin Up or Down - March 21, 9:05AM-9:10AM ET"
103,1774098307,2026-03-21 13:05:07,BUY,Up,0.56,1.99,1.1144,"Bitcoin Up or Down - March 21, 9:05AM-9:10AM ET"
104,1774098307,2026-03-21 13:05:07,BUY,Up,0.56,12.0,6.720000000000001,"Bitcoin Up or Down - March 21, 9:05AM-9:10AM ET"
105,1774098307,2026-03-21 13:05:07,BUY,Up,0.56,5.09,2.8504,"Bitcoin Up or Down - March 21, 9:05AM-9:10AM ET"
106,1774098307,2026-03-21 13:05:07,BUY,Up,0.5600000142592605,19.636362,10.996363,"Bitcoin Up or Down - March 21, 9:05AM-9:10AM ET"
107,1774098307,2026-03-21 13:05:07,BUY,Up,0.56,40.0,22.400000000000002,"Bitcoin Up or Down - March 21, 9:05AM-9:10AM ET"
108,1774098307,2026-03-21 13:05:07,BUY,Up,0.56,5.0,2.8000000000000003,"Bitcoin Up or Down - March 21, 9:05AM-9:10AM ET"
109,1774098307,2026-03-21 13:05:07,BUY,Down,0.43,38.64,16.6152,"Bitcoin Up or Down - March 21, 9:05AM-9:10AM ET"
110,1774098307,2026-03-21 13:05:07,BUY,Down,0.44,22.36,9.8384,"Bitcoin Up or Down - March 21, 9:05AM-9:10AM ET"
111,1774098307,2026-03-21 13:05:07,BUY,Down,0.44,78.64,34.6016,"Bitcoin Up or Down - March 21, 9:05AM-9:10AM ET"
112,1774098309,2026-03-21 13:05:09,BUY,Up,0.52,101.0,52.52,"Bitcoin Up or Down - March 21, 9:05AM-9:10AM ET"
113,1774098309,2026-03-21 13:05:09,BUY,Up,0.53,25.49,13.5097,"Bitcoin Up or Down - March 21, 9:05AM-9:10AM ET"
114,1774098309,2026-03-21 13:05:09,BUY,Up,0.5300000069851957,44.379573,23.521174000000002,"Bitcoin Up or Down - March 21, 9:05AM-9:10AM ET"
115,1774098309,2026-03-21 13:05:09,BUY,Up,0.53,30.0,15.9,"Bitcoin Up or Down - March 21, 9:05AM-9:10AM ET"
116,1774098309,2026-03-21 13:05:09,BUY,Up,0.5819504950495049,99.50553,57.90729244366336,"Bitcoin Up or Down - March 21, 9:05AM-9:10AM ET"
117,1774098313,2026-03-21 13:05:13,BUY,Up,0.33,5.0,1.6500000000000001,"Ethereum Up or Down - March 21, 9:00AM-9:15AM ET"
118,1774098313,2026-03-21 13:05:13,BUY,Up,0.69,5.0,3.4499999999999997,"Bitcoin Up or Down - March 21, 9:05AM-9:10AM ET"
119,1774098313,2026-03-21 13:05:13,BUY,Up,0.33,16.0,5.28,"Ethereum Up or Down - March 21, 9:00AM-9:15AM ET"
120,1774098313,2026-03-21 13:05:13,BUY,Up,0.33,10.0,3.3000000000000003,"Ethereum Up or Down - March 21, 9:00AM-9:15AM ET"
121,1774098315,2026-03-21 13:05:15,BUY,Up,0.69,16.12,11.1228,"Bitcoin Up or Down - March 21, 9:05AM-9:10AM ET"
122,1774098315,2026-03-21 13:05:15,BUY,Up,0.69,5.0,3.4499999999999997,"Bitcoin Up or Down - March 21, 9:05AM-9:10AM ET"
123,1774098315,2026-03-21 13:05:15,BUY,Up,0.6900000178733466,34.129031,23.549032,"Bitcoin Up or Down - March 21, 9:05AM-9:10AM ET"
124,1774098315,2026-03-21 13:05:15,BUY,Up,0.69,14.85,10.2465,"Bitcoin Up or Down - March 21, 9:05AM-9:10AM ET"
125,1774098315,2026-03-21 13:05:15,BUY,Up,0.69,11.67,8.052299999999999,"Bitcoin Up or Down - March 21, 9:05AM-9:10AM ET"
126,1774098315,2026-03-21 13:05:15,BUY,Up,0.68,101.0,68.68,"Bitcoin Up or Down - March 21, 9:05AM-9:10AM ET"
127,1774098315,2026-03-21 13:05:15,BUY,Up,0.69,6.0,4.14,"Bitcoin Up or Down - March 21, 9:05AM-9:10AM ET"
128,1774098315,2026-03-21 13:05:15,BUY,Up,0.6900001705000767,3.225805,2.2258059999999995,"Bitcoin Up or Down - March 21, 9:05AM-9:10AM ET"
129,1774098315,2026-03-21 13:05:15,BUY,Up,0.69,5.0,3.4499999999999997,"Bitcoin Up or Down - March 21, 9:05AM-9:10AM ET"
130,1774098339,2026-03-21 13:05:39,BUY,Down,0.26,3.36,0.8736,"Ethereum Up or Down - March 21, 9:05AM-9:10AM ET"
131,1774098339,2026-03-21 13:05:39,BUY,Down,0.26,5.0,1.3,"Ethereum Up or Down - March 21, 9:05AM-9:10AM ET"
132,1774098339,2026-03-21 13:05:39,BUY,Down,0.270000006561022,28.958903,7.818904,"Ethereum Up or Down - March 21, 9:05AM-9:10AM ET"
133,1774098339,2026-03-21 13:05:39,BUY,Down,0.26,50.0,13.0,"Ethereum Up or Down - March 21, 9:05AM-9:10AM ET"
134,1774098339,2026-03-21 13:05:39,BUY,Down,0.26,17.64,4.5864,"Ethereum Up or Down - March 21, 9:05AM-9:10AM ET"
135,1774098339,2026-03-21 13:05:39,BUY,Down,0.27,16.91,4.5657000000000005,"Ethereum Up or Down - March 21, 9:05AM-9:10AM ET"
136,1774098341,2026-03-21 13:05:41,BUY,Down,0.2700000009070577,55.123285,14.883287000000003,"Ethereum Up or Down - March 21, 9:05AM-9:10AM ET"
137,1774098341,2026-03-21 13:05:41,BUY,Down,0.26,25.0,6.5,"Ethereum Up or Down - March 21, 9:05AM-9:10AM ET"
138,1774098353,2026-03-21 13:05:53,BUY,Down,0.15,24.66,3.699,"Ethereum Up or Down - March 21, 9:05AM-9:10AM ET"
139,1774098353,2026-03-21 13:05:53,BUY,Down,0.15,26.4,3.9599999999999995,"Ethereum Up or Down - March 21, 9:05AM-9:10AM ET"
140,1774098353,2026-03-21 13:05:53,BUY,Down,0.15,15.0,2.25,"Ethereum Up or Down - March 21, 9:05AM-9:10AM ET"
141,1774098353,2026-03-21 13:05:53,BUY,Down,0.15,5.0,0.75,"Ethereum Up or Down - March 21, 9:05AM-9:10AM ET"
142,1774098353,2026-03-21 13:05:53,BUY,Down,0.1500000060714294,8.235293,1.2352940000000001,"Ethereum Up or Down - March 21, 9:05AM-9:10AM ET"
143,1774098353,2026-03-21 13:05:53,BUY,Down,0.15,6.0,0.8999999999999999,"Ethereum Up or Down - March 21, 9:05AM-9:10AM ET"
144,1774098353,2026-03-21 13:05:53,BUY,Down,0.15,6.5647,0.9847049999999999,"Ethereum Up or Down - March 21, 9:05AM-9:10AM ET"
145,1774098353,2026-03-21 13:05:53,BUY,Down,0.15000001095361518,9.129406,1.369411,"Ethereum Up or Down - March 21, 9:05AM-9:10AM ET"
146,1774098365,2026-03-21 13:06:05,BUY,Down,0.13000000728865244,15.091953,1.961954,"Ethereum Up or Down - March 21, 9:05AM-9:10AM ET"
147,1774098365,2026-03-21 13:06:05,BUY,Down,0.14,101.0,14.14,"Ethereum Up or Down - March 21, 9:05AM-9:10AM ET"
148,1774098365,2026-03-21 13:06:05,BUY,Down,0.13000000066923104,14.942523,1.942528,"Ethereum Up or Down - March 21, 9:05AM-9:10AM ET"
149,1774098369,2026-03-21 13:06:09,BUY,Down,0.16,13.1,2.096,"Ethereum Up or Down - March 21, 9:05AM-9:10AM ET"
150,1774098373,2026-03-21 13:06:13,BUY,Down,0.21,10.08,2.1168,"Ethereum Up or Down - March 21, 9:05AM-9:10AM ET"
151,1774098373,2026-03-21 13:06:13,BUY,Down,0.2,10.0,2.0,"Ethereum Up or Down - March 21, 9:05AM-9:10AM ET"
152,1774098373,2026-03-21 13:06:13,BUY,Down,0.21,35.0,7.35,"Ethereum Up or Down - March 21, 9:05AM-9:10AM ET"
153,1774098373,2026-03-21 13:06:13,BUY,Down,0.21000000291974663,47.949366,10.069367,"Ethereum Up or Down - March 21, 9:05AM-9:10AM ET"
154,1774098373,2026-03-21 13:06:13,BUY,Down,0.19,79.48653999999999,15.102442599999998,"Ethereum Up or Down - March 21, 9:05AM-9:10AM ET"
155,1774098373,2026-03-21 13:06:13,BUY,Down,0.21,7.91517,1.6621857,"Ethereum Up or Down - March 21, 9:05AM-9:10AM ET"
156,1774098375,2026-03-21 13:06:15,BUY,Down,0.2,43.1125,8.6225,"Ethereum Up or Down - March 21, 9:05AM-9:10AM ET"
157,1774098383,2026-03-21 13:06:23,BUY,Down,0.1500000850003315,1.176466,0.17647,"Ethereum Up or Down - March 21, 9:05AM-9:10AM ET"
158,1774098385,2026-03-21 13:06:25,BUY,Down,0.1500000850003315,1.176466,0.17647,"Ethereum Up or Down - March 21, 9:05AM-9:10AM ET"
159,1774098385,2026-03-21 13:06:25,BUY,Down,0.15,34.15,5.1225,"Ethereum Up or Down - March 21, 9:05AM-9:10AM ET"
160,1774098387,2026-03-21 13:06:27,BUY,Down,0.1500000850003315,1.176466,0.17647,"Ethereum Up or Down - March 21, 9:05AM-9:10AM ET"
161,1774098401,2026-03-21 13:06:41,SELL,Down,0.19,101.0,19.19,"Ethereum Up or Down - March 21, 9:05AM-9:10AM ET"
162,1774098407,2026-03-21 13:06:47,BUY,Down,0.23,4.71,1.0833,"Bitcoin Up or Down - March 21, 9:05AM-9:10AM ET"
163,1774098407,2026-03-21 13:06:47,BUY,Down,0.23,3.42,0.7866,"Bitcoin Up or Down - March 21, 9:05AM-9:10AM ET"
164,1774098407,2026-03-21 13:06:47,BUY,Down,0.23,92.87,21.360100000000003,"Bitcoin Up or Down - March 21, 9:05AM-9:10AM ET"
165,1774098409,2026-03-21 13:06:49,BUY,Down,0.17000000559551062,5.361441,0.9114450000000001,"Bitcoin Up or Down - March 21, 9:05AM-9:10AM ET"
166,1774098409,2026-03-21 13:06:49,BUY,Down,0.17000000228307105,48.180717,8.190722000000001,"Bitcoin Up or Down - March 21, 9:05AM-9:10AM ET"
167,1774098411,2026-03-21 13:06:51,BUY,Down,0.24,12.63,3.0312,"Bitcoin Up or Down - March 21, 9:00AM-9:15AM ET"
168,1774098411,2026-03-21 13:06:51,BUY,Down,0.11,1.52,0.16720000000000002,"Ethereum Up or Down - March 21, 9:05AM-9:10AM ET"
169,1774098411,2026-03-21 13:06:51,BUY,Up,0.73,13.0,9.49,"Bitcoin Up or Down - March 21, 9:00AM-9:15AM ET"
170,1774098411,2026-03-21 13:06:51,BUY,Up,0.73,20.0,14.6,"Bitcoin Up or Down - March 21, 9:00AM-9:15AM ET"
171,1774098411,2026-03-21 13:06:51,BUY,Up,0.73,15.0,10.95,"Bitcoin Up or Down - March 21, 9:00AM-9:15AM ET"
172,1774098411,2026-03-21 13:06:51,BUY,Down,0.16,15.0,2.4,"Bitcoin Up or Down - March 21, 9:05AM-9:10AM ET"
173,1774098411,2026-03-21 13:06:51,BUY,Down,0.2400000015353537,26.052629,6.252631,"Bitcoin Up or Down - March 21, 9:00AM-9:15AM ET"
174,1774098411,2026-03-21 13:06:51,BUY,Down,0.1600000060980047,19.678568,3.1485709999999996,"Bitcoin Up or Down - March 21, 9:05AM-9:10AM ET"
175,1774098411,2026-03-21 13:06:51,BUY,Down,0.16,2.3,0.368,"Bitcoin Up or Down - March 21, 9:05AM-9:10AM ET"
176,1774098411,2026-03-21 13:06:51,BUY,Down,0.16,25.0,4.0,"Bitcoin Up or Down - March 21, 9:05AM-9:10AM ET"
177,1774098411,2026-03-21 13:06:51,BUY,Down,0.17,46.3253,7.875301,"Bitcoin Up or Down - March 21, 9:05AM-9:10AM ET"
178,1774098411,2026-03-21 13:06:51,BUY,Down,0.18,10.0,1.7999999999999998,"Bitcoin Up or Down - March 21, 9:05AM-9:10AM ET"
179,1774098411,2026-03-21 13:06:51,BUY,Down,0.2,74.63,14.926,"Bitcoin Up or Down - March 21, 9:05AM-9:10AM ET"
180,1774098411,2026-03-21 13:06:51,BUY,Down,0.19000000098558134,40.585184,7.7111849999999995,"Bitcoin Up or Down - March 21, 9:05AM-9:10AM ET"
181,1774098411,2026-03-21 13:06:51,BUY,Down,0.2,26.37,5.274000000000001,"Bitcoin Up or Down - March 21, 9:05AM-9:10AM ET"
182,1774098411,2026-03-21 13:06:51,BUY,Down,0.18000000175829126,90.997438,16.379539,"Bitcoin Up or Down - March 21, 9:05AM-9:10AM ET"
183,1774098411,2026-03-21 13:06:51,BUY,Down,0.19,60.41,11.4779,"Bitcoin Up or Down - March 21, 9:05AM-9:10AM ET"
184,1774098411,2026-03-21 13:06:51,BUY,Down,0.24,9.301575,2.2323779999999998,"Bitcoin Up or Down - March 21, 9:00AM-9:15AM ET"
185,1774098411,2026-03-21 13:06:51,BUY,Down,0.17,1.11,0.18870000000000003,"Bitcoin Up or Down - March 21, 9:05AM-9:10AM ET"
186,1774098411,2026-03-21 13:06:51,BUY,Down,0.21,66.94,14.0574,"Bitcoin Up or Down - March 21, 9:05AM-9:10AM ET"
187,1774098411,2026-03-21 13:06:51,BUY,Down,0.21,34.06,7.1526000000000005,"Bitcoin Up or Down - March 21, 9:05AM-9:10AM ET"
188,1774098411,2026-03-21 13:06:51,BUY,Down,0.16,25.0,4.0,"Bitcoin Up or Down - March 21, 9:05AM-9:10AM ET"
189,1774098411,2026-03-21 13:06:51,BUY,Down,0.16,0.47,0.0752,"Bitcoin Up or Down - March 21, 9:05AM-9:10AM ET"
190,1774098413,2026-03-21 13:06:53,BUY,Down,0.25,2.96,0.74,"Bitcoin Up or Down - March 21, 9:05AM-9:10AM ET"
191,1774098413,2026-03-21 13:06:53,BUY,Down,0.25,12.0,3.0,"Bitcoin Up or Down - March 21, 9:05AM-9:10AM ET"
192,1774098413,2026-03-21 13:06:53,BUY,Down,0.25,10.36,2.59,"Bitcoin Up or Down - March 21, 9:05AM-9:10AM ET"
193,1774098413,2026-03-21 13:06:53,BUY,Down,0.12,4.04545,0.48545399999999994,"Ethereum Up or Down - March 21, 9:05AM-9:10AM ET"
194,1774098413,2026-03-21 13:06:53,BUY,Down,0.24,91.4133,21.939192000000002,"Bitcoin Up or Down - March 21, 9:05AM-9:10AM ET"
195,1774098415,2026-03-21 13:06:55,BUY,Down,0.25,12.0,3.0,"Bitcoin Up or Down - March 21, 9:05AM-9:10AM ET"
196,1774098415,2026-03-21 13:06:55,BUY,Down,0.25,6.666664,1.666666,"Bitcoin Up or Down - March 21, 9:05AM-9:10AM ET"
197,1774098415,2026-03-21 13:06:55,BUY,Down,0.25,13.0,3.25,"Bitcoin Up or Down - March 21, 9:05AM-9:10AM ET"
198,1774098415,2026-03-21 13:06:55,BUY,Down,0.24,2.57,0.6167999999999999,"Bitcoin Up or Down - March 21, 9:05AM-9:10AM ET"
199,1774098415,2026-03-21 13:06:55,BUY,Down,0.2400000064101239,6.240129,1.497631,"Bitcoin Up or Down - March 21, 9:05AM-9:10AM ET"
200,1774098415,2026-03-21 13:06:55,BUY,Down,0.25,44.01,11.0025,"Bitcoin Up or Down - March 21, 9:05AM-9:10AM ET"
201,1774098417,2026-03-21 13:06:57,BUY,Down,0.23000002333333852,5.142856,1.182857,"Bitcoin Up or Down - March 21, 9:05AM-9:10AM ET"
202,1774098427,2026-03-21 13:07:07,BUY,Down,0.21000000153243342,26.102276,5.481478,"Bitcoin Up or Down - March 21, 9:05AM-9:10AM ET"
203,1774098427,2026-03-21 13:07:07,BUY,Down,0.34,58.0,19.720000000000002,"Bitcoin Up or Down - March 21, 9:00AM-9:15AM ET"
204,1774098427,2026-03-21 13:07:07,BUY,Down,0.21,5.0,1.05,"Bitcoin Up or Down - March 21, 9:05AM-9:10AM ET"
205,1774098429,2026-03-21 13:07:09,BUY,Down,0.21,6.37,1.3377,"Bitcoin Up or Down - March 21, 9:05AM-9:10AM ET"
206,1774098429,2026-03-21 13:07:09,BUY,Down,0.21000007110010024,2.531642,0.531645,"Bitcoin Up or Down - March 21, 9:05AM-9:10AM ET"
207,1774098429,2026-03-21 13:07:09,BUY,Down,0.21000000790002363,1.265819,0.265822,"Bitcoin Up or Down - March 21, 9:05AM-9:10AM ET"
208,1774098429,2026-03-21 13:07:09,BUY,Down,0.21,1.32,0.2772,"Bitcoin Up or Down - March 21, 9:05AM-9:10AM ET"
209,1774098429,2026-03-21 13:07:09,BUY,Down,0.21,23.42,4.918200000000001,"Bitcoin Up or Down - March 21, 9:05AM-9:10AM ET"
210,1774098435,2026-03-21 13:07:15,BUY,Up,0.78,100.25648,78.2000544,"Bitcoin Up or Down - March 21, 9:05AM-9:10AM ET"
211,1774098435,2026-03-21 13:07:15,BUY,Up,0.7796188118811881,100.25463,78.16039552618813,"Bitcoin Up or Down - March 21, 9:05AM-9:10AM ET"
212,1774098435,2026-03-21 13:07:15,BUY,Up,0.78,33.60081,26.208631800000003,"Bitcoin Up or Down - March 21, 9:05AM-9:10AM ET"
213,1774098459,2026-03-21 13:07:39,BUY,Up,0.8153415841584158,100.42763,81.88282293747524,"Bitcoin Up or Down - March 21, 9:05AM-9:10AM ET"
214,1774098459,2026-03-21 13:07:39,BUY,Up,0.82,51.32891,42.089706199999995,"Bitcoin Up or Down - March 21, 9:05AM-9:10AM ET"
215,1774098461,2026-03-21 13:07:41,BUY,Up,0.82,5.96,4.8872,"Bitcoin Up or Down - March 21, 9:05AM-9:10AM ET"
216,1774098461,2026-03-21 13:07:41,BUY,Up,0.82,2.31,1.8941999999999999,"Bitcoin Up or Down - March 21, 9:05AM-9:10AM ET"
217,1774098463,2026-03-21 13:07:43,BUY,Up,0.82,1.27,1.0413999999999999,"Bitcoin Up or Down - March 21, 9:05AM-9:10AM ET"
218,1774098463,2026-03-21 13:07:43,BUY,Up,0.82,39.85,32.677,"Bitcoin Up or Down - March 21, 9:05AM-9:10AM ET"
219,1774098467,2026-03-21 13:07:47,BUY,Down,0.2,2.5,0.5,"Ethereum Up or Down - March 21, 9:05AM-9:10AM ET"
220,1774098469,2026-03-21 13:07:49,BUY,Up,0.67,4.9389,3.3090630000000005,"Bitcoin Up or Down - March 21, 9:00AM-9:15AM ET"
221,1774098469,2026-03-21 13:07:49,BUY,Down,0.2,13.1,2.62,"Ethereum Up or Down - March 21, 9:05AM-9:10AM ET"
222,1774098497,2026-03-21 13:08:17,BUY,Down,0.14,11.6279,1.6279060000000003,"Ethereum Up or Down - March 21, 9:05AM-9:10AM ET"
223,1774098497,2026-03-21 13:08:17,BUY,Down,0.07,101.0,7.07,"Bitcoin Up or Down - March 21, 9:05AM-9:10AM ET"
224,1774098497,2026-03-21 13:08:17,BUY,Down,0.08,101.0,8.08,"Bitcoin Up or Down - March 21, 9:05AM-9:10AM ET"
225,1774098499,2026-03-21 13:08:19,BUY,Down,0.14,61.0,8.540000000000001,"Ethereum Up or Down - March 21, 9:05AM-9:10AM ET"
226,1774098499,2026-03-21 13:08:19,BUY,Down,0.14,28.37,3.9718000000000004,"Ethereum Up or Down - March 21, 9:05AM-9:10AM ET"
227,1774098501,2026-03-21 13:08:21,BUY,Down,0.13,8.0,1.04,"Ethereum Up or Down - March 21, 9:05AM-9:10AM ET"
228,1774098501,2026-03-21 13:08:21,BUY,Down,0.13000000174000104,11.494246,1.494252,"Ethereum Up or Down - March 21, 9:05AM-9:10AM ET"
229,1774098547,2026-03-21 13:09:07,BUY,Up,0.63,5.0,3.15,"Ethereum Up or Down - March 21, 9:05AM-9:10AM ET"
230,1774098547,2026-03-21 13:09:07,BUY,Up,0.63,8.0,5.04,"Ethereum Up or Down - March 21, 9:05AM-9:10AM ET"
231,1774098547,2026-03-21 13:09:07,BUY,Up,0.63,5.0,3.15,"Ethereum Up or Down - March 21, 9:05AM-9:10AM ET"
232,1774098549,2026-03-21 13:09:09,BUY,Up,0.6,1.4,0.84,"Ethereum Up or Down - March 21, 9:05AM-9:10AM ET"
233,1774098549,2026-03-21 13:09:09,BUY,Up,0.6,25.0,15.0,"Ethereum Up or Down - March 21, 9:05AM-9:10AM ET"
234,1774098549,2026-03-21 13:09:09,BUY,Up,0.6,74.6,44.76,"Ethereum Up or Down - March 21, 9:05AM-9:10AM ET"
235,1774098573,2026-03-21 13:09:33,SELL,Down,0.22,20.0,4.4,"Bitcoin Up or Down - March 21, 9:00AM-9:15AM ET"
236,1774098573,2026-03-21 13:09:33,SELL,Down,0.22,9.45,2.0789999999999997,"Bitcoin Up or Down - March 21, 9:00AM-9:15AM ET"
237,1774098573,2026-03-21 13:09:33,SELL,Down,0.21999989916664286,6.545453,1.439999,"Bitcoin Up or Down - March 21, 9:00AM-9:15AM ET"
238,1774098573,2026-03-21 13:09:33,SELL,Down,0.22,1.0,0.22,"Bitcoin Up or Down - March 21, 9:00AM-9:15AM ET"
239,1774098609,2026-03-21 13:10:09,BUY,Up,0.49,12.0,5.88,"Bitcoin Up or Down - March 21, 9:10AM-9:15AM ET"
240,1774098609,2026-03-21 13:10:09,BUY,Up,0.49,9.61,4.7089,"Bitcoin Up or Down - March 21, 9:10AM-9:15AM ET"
241,1774098609,2026-03-21 13:10:09,BUY,Up,0.49,12.0,5.88,"Bitcoin Up or Down - March 21, 9:10AM-9:15AM ET"
242,1774098609,2026-03-21 13:10:09,BUY,Up,0.49,12.0,5.88,"Bitcoin Up or Down - March 21, 9:10AM-9:15AM ET"
243,1774098609,2026-03-21 13:10:09,BUY,Up,0.4900000745384793,5.098038,2.498039,"Bitcoin Up or Down - March 21, 9:10AM-9:15AM ET"
244,1774098609,2026-03-21 13:10:09,BUY,Up,0.49832970297029705,99.42192,49.54489586233664,"Bitcoin Up or Down - March 21, 9:10AM-9:15AM ET"
245,1774098613,2026-03-21 13:10:13,BUY,Down,0.38,10.0,3.8,"Ethereum Up or Down - March 21, 9:10AM-9:15AM ET"
246,1774098621,2026-03-21 13:10:21,BUY,Down,0.4,101.0,40.400000000000006,"Bitcoin Up or Down - March 21, 9:10AM-9:15AM ET"
247,1774098629,2026-03-21 13:10:29,BUY,Up,0.58,4.39,2.5462,"Bitcoin Up or Down - March 21, 9:10AM-9:15AM ET"
248,1774098633,2026-03-21 13:10:33,BUY,Down,0.3,15.5,4.6499999999999995,"Ethereum Up or Down - March 21, 9:10AM-9:15AM ET"
249,1774098633,2026-03-21 13:10:33,BUY,Down,0.3,8.45714,2.5371420000000002,"Ethereum Up or Down - March 21, 9:10AM-9:15AM ET"
250,1774098633,2026-03-21 13:10:33,BUY,Down,0.3,20.22857,6.068571,"Ethereum Up or Down - March 21, 9:10AM-9:15AM ET"
251,1774098633,2026-03-21 13:10:33,BUY,Down,0.31,1.0,0.31,"Ethereum Up or Down - March 21, 9:10AM-9:15AM ET"
252,1774098635,2026-03-21 13:10:35,BUY,Down,0.30000001891892353,5.285713,1.585714,"Ethereum Up or Down - March 21, 9:10AM-9:15AM ET"
253,1774098635,2026-03-21 13:10:35,BUY,Up,0.6,101.0,60.599999999999994,"Bitcoin Up or Down - March 21, 9:10AM-9:15AM ET"
254,1774098635,2026-03-21 13:10:35,BUY,Up,0.61,101.0,61.61,"Bitcoin Up or Down - March 21, 9:10AM-9:15AM ET"
255,1774098635,2026-03-21 13:10:35,BUY,Down,0.3,1.54,0.46199999999999997,"Ethereum Up or Down - March 21, 9:10AM-9:15AM ET"
256,1774098635,2026-03-21 13:10:35,BUY,Down,0.31,100.0,31.0,"Ethereum Up or Down - March 21, 9:10AM-9:15AM ET"
257,1774098635,2026-03-21 13:10:35,BUY,Down,0.3,5.25714,1.5771419999999998,"Ethereum Up or Down - March 21, 9:10AM-9:15AM ET"
258,1774098635,2026-03-21 13:10:35,BUY,Down,0.30000000774336444,12.914283,3.8742849999999995,"Ethereum Up or Down - March 21, 9:10AM-9:15AM ET"
259,1774098635,2026-03-21 13:10:35,BUY,Down,0.3,31.8,9.54,"Ethereum Up or Down - March 21, 9:10AM-9:15AM ET"
260,1774098639,2026-03-21 13:10:39,BUY,Up,0.57,101.0,57.56999999999999,"Bitcoin Up or Down - March 21, 9:10AM-9:15AM ET"
261,1774098639,2026-03-21 13:10:39,BUY,Up,0.59,101.0,59.589999999999996,"Bitcoin Up or Down - March 21, 9:10AM-9:15AM ET"
262,1774098645,2026-03-21 13:10:45,BUY,Down,0.29,25.0,7.249999999999999,"Ethereum Up or Down - March 21, 9:10AM-9:15AM ET"
263,1774098645,2026-03-21 13:10:45,BUY,Down,0.29,25.0,7.249999999999999,"Ethereum Up or Down - March 21, 9:10AM-9:15AM ET"
264,1774098661,2026-03-21 13:11:01,BUY,Down,0.41000000271473447,29.468812,12.082213,"Bitcoin Up or Down - March 21, 9:10AM-9:15AM ET"
265,1774098661,2026-03-21 13:11:01,BUY,Down,0.41,15.0,6.1499999999999995,"Bitcoin Up or Down - March 21, 9:10AM-9:15AM ET"
266,1774098663,2026-03-21 13:11:03,BUY,Down,0.41,56.53,23.1773,"Bitcoin Up or Down - March 21, 9:10AM-9:15AM ET"
267,1774098663,2026-03-21 13:11:03,BUY,Down,0.4,15.25,6.1000000000000005,"Bitcoin Up or Down - March 21, 9:10AM-9:15AM ET"
268,1774098663,2026-03-21 13:11:03,BUY,Down,0.40000001870586815,10.691832,4.276732999999999,"Bitcoin Up or Down - March 21, 9:10AM-9:15AM ET"
269,1774098663,2026-03-21 13:11:03,BUY,Down,0.4,5.0,2.0,"Bitcoin Up or Down - March 21, 9:10AM-9:15AM ET"
270,1774098665,2026-03-21 13:11:05,BUY,Down,0.4,70.05,28.02,"Bitcoin Up or Down - March 21, 9:10AM-9:15AM ET"
271,1774098665,2026-03-21 13:11:05,BUY,Up,0.6,4.93,2.9579999999999997,"Bitcoin Up or Down - March 21, 9:10AM-9:15AM ET"
272,1774098693,2026-03-21 13:11:33,BUY,Up,0.54,101.0,54.540000000000006,"Bitcoin Up or Down - March 21, 9:10AM-9:15AM ET"
273,1774098719,2026-03-21 13:11:59,BUY,Down,0.65,5.89,3.8285,"Ethereum Up or Down - March 21, 9:00AM-9:15AM ET"
274,1774098719,2026-03-21 13:11:59,BUY,Down,0.6500000160878456,27.971427,18.181428,"Ethereum Up or Down - March 21, 9:00AM-9:15AM ET"
275,1774098719,2026-03-21 13:11:59,BUY,Down,0.47,99.43322,46.7336134,"Ethereum Up or Down - March 21, 9:10AM-9:15AM ET"
276,1774098719,2026-03-21 13:11:59,BUY,Down,0.46,32.03805,14.737503,"Ethereum Up or Down - March 21, 9:10AM-9:15AM ET"
277,1774098719,2026-03-21 13:11:59,BUY,Up,0.5400000130219397,30.71739,16.587391,"Ethereum Up or Down - March 21, 9:10AM-9:15AM ET"
278,1774098719,2026-03-21 13:11:59,BUY,Up,0.5400000556772427,7.543477,4.073478,"Ethereum Up or Down - March 21, 9:10AM-9:15AM ET"
279,1774098719,2026-03-21 13:11:59,BUY,Up,0.5400000149858363,30.695651,16.575652,"Ethereum Up or Down - March 21, 9:10AM-9:15AM ET"
280,1774098719,2026-03-21 13:11:59,BUY,Up,0.5400000224086623,16.065216,8.675217,"Ethereum Up or Down - March 21, 9:10AM-9:15AM ET"
281,1774098721,2026-03-21 13:12:01,BUY,Down,0.44,4.99,2.1956,"Ethereum Up or Down - March 21, 9:10AM-9:15AM ET"
282,1774098727,2026-03-21 13:12:07,BUY,Up,0.71,23.92,16.9832,"Ethereum Up or Down - March 21, 9:10AM-9:15AM ET"
283,1774098727,2026-03-21 13:12:07,BUY,Down,0.26,8.31,2.1606,"Bitcoin Up or Down - March 21, 9:10AM-9:15AM ET"
284,1774098727,2026-03-21 13:12:07,BUY,Up,0.7,16.0,11.2,"Ethereum Up or Down - March 21, 9:10AM-9:15AM ET"
285,1774098727,2026-03-21 13:12:07,BUY,Up,0.7100000067470528,77.070688,54.720189000000005,"Ethereum Up or Down - March 21, 9:10AM-9:15AM ET"
286,1774098727,2026-03-21 13:12:07,BUY,Up,0.6331039603960396,99.63763,63.08097815747524,"Bitcoin Up or Down - March 21, 9:10AM-9:15AM ET"
287,1774098727,2026-03-21 13:12:07,BUY,Up,0.65,99.69316,64.800554,"Bitcoin Up or Down - March 21, 9:10AM-9:15AM ET"
288,1774098727,2026-03-21 13:12:07,BUY,Up,0.65,99.69316,64.800554,"Bitcoin Up or Down - March 21, 9:10AM-9:15AM ET"
289,1774098729,2026-03-21 13:12:09,BUY,Up,0.7,25.0,17.5,"Ethereum Up or Down - March 21, 9:10AM-9:15AM ET"
290,1774098729,2026-03-21 13:12:09,BUY,Up,0.58,67.59,39.2022,"Ethereum Up or Down - March 21, 9:10AM-9:15AM ET"
291,1774098729,2026-03-21 13:12:09,BUY,Up,0.7,38.0,26.599999999999998,"Ethereum Up or Down - March 21, 9:10AM-9:15AM ET"
292,1774098729,2026-03-21 13:12:09,BUY,Up,0.5800000337588705,10.071427,5.8414280000000005,"Ethereum Up or Down - March 21, 9:10AM-9:15AM ET"
293,1774098729,2026-03-21 13:12:09,BUY,Up,0.5800000145788677,23.321427,13.526428,"Ethereum Up or Down - March 21, 9:10AM-9:15AM ET"
294,1774098729,2026-03-21 13:12:09,BUY,Down,0.26000000021578623,92.684323,24.097924000000003,"Bitcoin Up or Down - March 21, 9:10AM-9:15AM ET"
295,1774098737,2026-03-21 13:12:17,BUY,Down,0.33,2.0,0.66,"Bitcoin Up or Down - March 21, 9:10AM-9:15AM ET"
296,1774098737,2026-03-21 13:12:17,BUY,Down,0.3300000013478223,81.613133,26.932334000000004,"Bitcoin Up or Down - March 21, 9:10AM-9:15AM ET"
297,1774098737,2026-03-21 13:12:17,BUY,Down,0.3300000804000707,1.492536,0.492537,"Bitcoin Up or Down - March 21, 9:10AM-9:15AM ET"
298,1774098737,2026-03-21 13:12:17,BUY,Down,0.36,99.65962999999999,35.87746679999999,"Bitcoin Up or Down - March 21, 9:10AM-9:15AM ET"
299,1774098739,2026-03-21 13:12:19,BUY,Down,0.33,5.0,1.6500000000000001,"Bitcoin Up or Down - March 21, 9:10AM-9:15AM ET"
300,1774098739,2026-03-21 13:12:19,BUY,Down,0.33,1.64,0.5412,"Bitcoin Up or Down - March 21, 9:10AM-9:15AM ET"
301,1774098739,2026-03-21 13:12:19,BUY,Down,0.3200001088000914,1.470587,0.470588,"Bitcoin Up or Down - March 21, 9:10AM-9:15AM ET"
302,1774098739,2026-03-21 13:12:19,BUY,Down,0.3200000054400005,14.705881,4.705882,"Bitcoin Up or Down - March 21, 9:10AM-9:15AM ET"
303,1774098739,2026-03-21 13:12:19,BUY,Down,0.3300000804000707,1.492536,0.492537,"Bitcoin Up or Down - March 21, 9:10AM-9:15AM ET"
304,1774098739,2026-03-21 13:12:19,BUY,Down,0.33,1.84,0.6072000000000001,"Bitcoin Up or Down - March 21, 9:10AM-9:15AM ET"
305,1774098739,2026-03-21 13:12:19,BUY,Down,0.33,5.9,1.9470000000000003,"Bitcoin Up or Down - March 21, 9:10AM-9:15AM ET"
306,1774098743,2026-03-21 13:12:23,BUY,Down,0.3000000070000006,14.285713,4.285714,"Bitcoin Up or Down - March 21, 9:10AM-9:15AM ET"
307,1774098743,2026-03-21 13:12:23,BUY,Down,0.3,1.42857,0.428571,"Bitcoin Up or Down - March 21, 9:10AM-9:15AM ET"
308,1774098743,2026-03-21 13:12:23,BUY,Down,0.30000013084158617,0.764283,0.22928500000000002,"Bitcoin Up or Down - March 21, 9:10AM-9:15AM ET"
309,1774098761,2026-03-21 13:12:41,SELL,Down,0.42,5.5,2.31,"Bitcoin Up or Down - March 21, 9:10AM-9:15AM ET"
310,1774098761,2026-03-21 13:12:41,BUY,Up,0.58,15.0,8.7,"Bitcoin Up or Down - March 21, 9:10AM-9:15AM ET"
311,1774098761,2026-03-21 13:12:41,BUY,Up,0.58,20.0,11.6,"Bitcoin Up or Down - March 21, 9:10AM-9:15AM ET"
312,1774098761,2026-03-21 13:12:41,BUY,Up,0.58,15.0,8.7,"Bitcoin Up or Down - March 21, 9:10AM-9:15AM ET"
313,1774098761,2026-03-21 13:12:41,SELL,Down,0.41999993196260665,7.642856,3.2099990000000003,"Bitcoin Up or Down - March 21, 9:10AM-9:15AM ET"
314,1774098761,2026-03-21 13:12:41,SELL,Down,0.4199998235998977,2.380951,0.999999,"Bitcoin Up or Down - March 21, 9:10AM-9:15AM ET"
315,1774098761,2026-03-21 13:12:41,SELL,Down,0.42,2.54,1.0668,"Bitcoin Up or Down - March 21, 9:10AM-9:15AM ET"
316,1774098763,2026-03-21 13:12:43,BUY,Up,0.5800001764001023,2.380951,1.380952,"Bitcoin Up or Down - March 21, 9:10AM-9:15AM ET"
317,1774098763,2026-03-21 13:12:43,BUY,Up,0.58,5.0,2.9,"Bitcoin Up or Down - March 21, 9:10AM-9:15AM ET"
318,1774098763,2026-03-21 13:12:43,BUY,Up,0.58,5.0,2.9,"Bitcoin Up or Down - March 21, 9:10AM-9:15AM ET"
319,1774098763,2026-03-21 13:12:43,BUY,Up,0.42,30.0,12.6,"Ethereum Up or Down - March 21, 9:10AM-9:15AM ET"
320,1774098763,2026-03-21 13:12:43,BUY,Up,0.42000000781145036,5.120688,2.1506890000000003,"Ethereum Up or Down - March 21, 9:10AM-9:15AM ET"
321,1774098763,2026-03-21 13:12:43,BUY,Up,0.43000000766129126,13.05263,5.612631,"Ethereum Up or Down - March 21, 9:10AM-9:15AM ET"
322,1774098763,2026-03-21 13:12:43,BUY,Up,0.43000000403209526,34.721402,14.930202999999999,"Ethereum Up or Down - March 21, 9:10AM-9:15AM ET"
323,1774098763,2026-03-21 13:12:43,BUY,Up,0.430000005635594,12.421051,5.341052,"Ethereum Up or Down - March 21, 9:10AM-9:15AM ET"
324,1774098763,2026-03-21 13:12:43,BUY,Up,0.4300000153425796,21.508769,9.248771000000001,"Ethereum Up or Down - March 21, 9:10AM-9:15AM ET"
325,1774098763,2026-03-21 13:12:43,BUY,Up,0.58,13.61,7.893799999999999,"Bitcoin Up or Down - March 21, 9:10AM-9:15AM ET"
326,1774098763,2026-03-21 13:12:43,BUY,Up,0.58,5.0,2.9,"Bitcoin Up or Down - March 21, 9:10AM-9:15AM ET"
327,1774098763,2026-03-21 13:12:43,BUY,Up,0.58,15.0,8.7,"Bitcoin Up or Down - March 21, 9:10AM-9:15AM ET"
328,1774098763,2026-03-21 13:12:43,BUY,Up,0.58,5.0,2.9,"Bitcoin Up or Down - March 21, 9:10AM-9:15AM ET"
329,1774098765,2026-03-21 13:12:45,BUY,Up,0.43,19.27,8.2861,"Ethereum Up or Down - March 21, 9:10AM-9:15AM ET"
330,1774098765,2026-03-21 13:12:45,BUY,Up,0.26000000609078683,6.567296,1.7074969999999998,"Ethereum Up or Down - March 21, 9:00AM-9:15AM ET"
331,1774098765,2026-03-21 13:12:45,BUY,Up,0.4200000306878372,13.03448,5.474482,"Ethereum Up or Down - March 21, 9:10AM-9:15AM ET"
332,1774098765,2026-03-21 13:12:45,BUY,Up,0.42000000754609057,13.251895,5.565796,"Ethereum Up or Down - March 21, 9:10AM-9:15AM ET"
333,1774098781,2026-03-21 13:13:01,BUY,Up,0.54,101.0,54.540000000000006,"Bitcoin Up or Down - March 21, 9:10AM-9:15AM ET"
334,1774098783,2026-03-21 13:13:03,BUY,Up,0.22,10.0,2.2,"Ethereum Up or Down - March 21, 9:00AM-9:15AM ET"
335,1774098783,2026-03-21 13:13:03,BUY,Up,0.22,12.77,2.8094,"Ethereum Up or Down - March 21, 9:00AM-9:15AM ET"
336,1774098785,2026-03-21 13:13:05,BUY,Down,0.5300001222000904,2.127658,1.127659,"Bitcoin Up or Down - March 21, 9:10AM-9:15AM ET"
337,1774098785,2026-03-21 13:13:05,BUY,Down,0.53,2.15,1.1395,"Bitcoin Up or Down - March 21, 9:10AM-9:15AM ET"
338,1774098785,2026-03-21 13:13:05,BUY,Down,0.530000011280002,10.638296,5.638297,"Bitcoin Up or Down - March 21, 9:10AM-9:15AM ET"
339,1774098785,2026-03-21 13:13:05,BUY,Down,0.530000011280002,10.638296,5.638297,"Bitcoin Up or Down - March 21, 9:10AM-9:15AM ET"
340,1774098785,2026-03-21 13:13:05,BUY,Down,0.53,2.0,1.06,"Bitcoin Up or Down - March 21, 9:10AM-9:15AM ET"
341,1774098785,2026-03-21 13:13:05,BUY,Down,0.5300001222000904,2.127658,1.127659,"Bitcoin Up or Down - March 21, 9:10AM-9:15AM ET"
342,1774098785,2026-03-21 13:13:05,BUY,Down,0.5300000137083386,5.106381,2.7063819999999996,"Bitcoin Up or Down - March 21, 9:10AM-9:15AM ET"
343,1774098785,2026-03-21 13:13:05,BUY,Down,0.53,5.0,2.6500000000000004,"Bitcoin Up or Down - March 21, 9:10AM-9:15AM ET"
344,1774098787,2026-03-21 13:13:07,BUY,Down,0.5300000015025256,59.899147,31.746548,"Bitcoin Up or Down - March 21, 9:10AM-9:15AM ET"
345,1774098787,2026-03-21 13:13:07,BUY,Down,0.53,1.3,0.6890000000000001,"Bitcoin Up or Down - March 21, 9:10AM-9:15AM ET"
346,1774098789,2026-03-21 13:13:09,BUY,Down,0.5200001728001106,2.083332,1.0833329999999999,"Bitcoin Up or Down - March 21, 9:10AM-9:15AM ET"
347,1774098789,2026-03-21 13:13:09,BUY,Down,0.520000019200003,10.416665,5.416666,"Bitcoin Up or Down - March 21, 9:10AM-9:15AM ET"
348,1774098789,2026-03-21 13:13:09,BUY,Down,0.52,10.0,5.2,"Bitcoin Up or Down - March 21, 9:10AM-9:15AM ET"
349,1774098789,2026-03-21 13:13:09,BUY,Down,0.52,2.15,1.1179999999999999,"Bitcoin Up or Down - March 21, 9:10AM-9:15AM ET"
350,1774098791,2026-03-21 13:13:11,BUY,Down,0.52,76.34,39.6968,"Bitcoin Up or Down - March 21, 9:10AM-9:15AM ET"
351,1774098793,2026-03-21 13:13:13,BUY,Down,0.46,101.0,46.46,"Bitcoin Up or Down - March 21, 9:10AM-9:15AM ET"
352,1774098793,2026-03-21 13:13:13,BUY,Down,0.48,101.0,48.48,"Bitcoin Up or Down - March 21, 9:10AM-9:15AM ET"
353,1774098793,2026-03-21 13:13:13,BUY,Down,0.49,101.0,49.49,"Bitcoin Up or Down - March 21, 9:10AM-9:15AM ET"
354,1774098793,2026-03-21 13:13:13,BUY,Down,0.5,101.0,50.5,"Bitcoin Up or Down - March 21, 9:10AM-9:15AM ET"
355,1774098803,2026-03-21 13:13:23,BUY,Down,0.42000009144153,1.531033,0.643034,"Bitcoin Up or Down - March 21, 9:10AM-9:15AM ET"
356,1774098803,2026-03-21 13:13:23,BUY,Down,0.4200004086441867,0.734135,0.30833699999999997,"Bitcoin Up or Down - March 21, 9:10AM-9:15AM ET"
357,1774098805,2026-03-21 13:13:25,BUY,Down,0.42000001082666794,25.862066,10.862068,"Bitcoin Up or Down - March 21, 9:10AM-9:15AM ET"
358,1774098809,2026-03-21 13:13:29,BUY,Up,0.44,2.9,1.276,"Bitcoin Up or Down - March 21, 9:10AM-9:15AM ET"
359,1774098809,2026-03-21 13:13:29,BUY,Up,0.44,98.1,43.163999999999994,"Bitcoin Up or Down - March 21, 9:10AM-9:15AM ET"
360,1774098809,2026-03-21 13:13:29,BUY,Up,0.45000000838734294,47.690908,21.460909,"Bitcoin Up or Down - March 21, 9:10AM-9:15AM ET"
361,1774098809,2026-03-21 13:13:29,BUY,Up,0.45,9.15,4.117500000000001,"Bitcoin Up or Down - March 21, 9:10AM-9:15AM ET"
362,1774098809,2026-03-21 13:13:29,BUY,Up,0.45000001422414,10.545453,4.745454,"Bitcoin Up or Down - March 21, 9:10AM-9:15AM ET"
363,1774098809,2026-03-21 13:13:29,BUY,Up,0.45,9.6,4.32,"Bitcoin Up or Down - March 21, 9:10AM-9:15AM ET"
364,1774098809,2026-03-21 13:13:29,BUY,Up,0.45,24.0,10.8,"Bitcoin Up or Down - March 21, 9:10AM-9:15AM ET"
365,1774098809,2026-03-21 13:13:29,SELL,Up,0.3099998294999233,3.225805,0.999999,"Ethereum Up or Down - March 21, 9:10AM-9:15AM ET"
366,1774098813,2026-03-21 13:13:33,BUY,Up,0.39,99.57095,38.8326705,"Bitcoin Up or Down - March 21, 9:10AM-9:15AM ET"
367,1774098813,2026-03-21 13:13:33,BUY,Up,0.39,99.57095,38.8326705,"Bitcoin Up or Down - March 21, 9:10AM-9:15AM ET"
368,1774098815,2026-03-21 13:13:35,BUY,Up,0.37,3.0,1.1099999999999999,"Bitcoin Up or Down - March 21, 9:10AM-9:15AM ET"
369,1774098815,2026-03-21 13:13:35,BUY,Up,0.37000000240882364,53.968251,19.968253,"Bitcoin Up or Down - March 21, 9:10AM-9:15AM ET"
370,1774098815,2026-03-21 13:13:35,BUY,Up,0.37,8.0,2.96,"Bitcoin Up or Down - March 21, 9:10AM-9:15AM ET"
371,1774098815,2026-03-21 13:13:35,BUY,Up,0.37,14.09,5.2133,"Bitcoin Up or Down - March 21, 9:10AM-9:15AM ET"
372,1774098815,2026-03-21 13:13:35,BUY,Up,0.37,5.15,1.9055000000000002,"Bitcoin Up or Down - March 21, 9:10AM-9:15AM ET"
373,1774098815,2026-03-21 13:13:35,BUY,Up,0.37,0.55,0.20350000000000001,"Bitcoin Up or Down - March 21, 9:10AM-9:15AM ET"
374,1774098817,2026-03-21 13:13:37,BUY,Up,0.37,16.24,6.008799999999999,"Bitcoin Up or Down - March 21, 9:10AM-9:15AM ET"
375,1774098861,2026-03-21 13:14:21,BUY,Up,0.4,4.9,1.9600000000000002,"Bitcoin Up or Down - March 21, 9:10AM-9:15AM ET"
376,1774098907,2026-03-21 13:15:07,BUY,Up,0.44,4.53,1.9932,"Bitcoin Up or Down - March 21, 9:15AM-9:20AM ET"
377,1774098907,2026-03-21 13:15:07,BUY,Up,0.44,2.0,0.88,"Bitcoin Up or Down - March 21, 9:15AM-9:20AM ET"
378,1774098907,2026-03-21 13:15:07,BUY,Up,0.4400001568001129,1.785713,0.785714,"Bitcoin Up or Down - March 21, 9:15AM-9:20AM ET"
379,1774098907,2026-03-21 13:15:07,BUY,Up,0.4400001568001129,1.785713,0.785714,"Bitcoin Up or Down - March 21, 9:15AM-9:20AM ET"
380,1774098907,2026-03-21 13:15:07,BUY,Up,0.4400001568001129,1.785713,0.785714,"Bitcoin Up or Down - March 21, 9:15AM-9:20AM ET"
381,1774098907,2026-03-21 13:15:07,BUY,Up,0.44,15.1,6.644,"Bitcoin Up or Down - March 21, 9:15AM-9:20AM ET"
382,1774098907,2026-03-21 13:15:07,BUY,Up,0.45,23.41,10.5345,"Bitcoin Up or Down - March 21, 9:15AM-9:20AM ET"
383,1774098907,2026-03-21 13:15:07,BUY,Up,0.45,40.0,18.0,"Bitcoin Up or Down - March 21, 9:15AM-9:20AM ET"
384,1774098907,2026-03-21 13:15:07,BUY,Up,0.46,14.38,6.614800000000001,"Bitcoin Up or Down - March 21, 9:15AM-9:20AM ET"
385,1774098907,2026-03-21 13:15:07,BUY,Up,0.44,40.0,17.6,"Bitcoin Up or Down - March 21, 9:15AM-9:20AM ET"
386,1774098907,2026-03-21 13:15:07,BUY,Up,0.46,40.0,18.400000000000002,"Bitcoin Up or Down - March 21, 9:15AM-9:20AM ET"
387,1774098907,2026-03-21 13:15:07,BUY,Up,0.46,6.62,3.0452000000000004,"Bitcoin Up or Down - March 21, 9:15AM-9:20AM ET"
388,1774098907,2026-03-21 13:15:07,BUY,Up,0.44,34.0,14.96,"Bitcoin Up or Down - March 21, 9:15AM-9:20AM ET"
389,1774098907,2026-03-21 13:15:07,BUY,Up,0.45,37.59,16.9155,"Bitcoin Up or Down - March 21, 9:15AM-9:20AM ET"
390,1774098907,2026-03-21 13:15:07,BUY,Up,0.46,40.0,18.400000000000002,"Bitcoin Up or Down - March 21, 9:15AM-9:20AM ET"
391,1774098913,2026-03-21 13:15:13,BUY,Up,0.42000002080718346,3.844826,1.6148269999999998,"Ethereum Up or Down - March 21, 9:15AM-9:20AM ET"
392,1774098913,2026-03-21 13:15:13,BUY,Up,0.42,14.31,6.0102,"Ethereum Up or Down - March 21, 9:15AM-9:20AM ET"
393,1774098913,2026-03-21 13:15:13,BUY,Up,0.42,2.93,1.2306,"Ethereum Up or Down - March 21, 9:15AM-9:20AM ET"
394,1774098913,2026-03-21 13:15:13,BUY,Up,0.42,4.3,1.8059999999999998,"Ethereum Up or Down - March 21, 9:15AM-9:20AM ET"
395,1774098913,2026-03-21 13:15:13,BUY,Up,0.4200001740002958,1.724135,0.724137,"Ethereum Up or Down - March 21, 9:15AM-9:20AM ET"
396,1774098913,2026-03-21 13:15:13,BUY,Up,0.42,2.93,1.2306,"Ethereum Up or Down - March 21, 9:15AM-9:20AM ET"
397,1774098913,2026-03-21 13:15:13,BUY,Up,0.42,4.3,1.8059999999999998,"Ethereum Up or Down - March 21, 9:15AM-9:20AM ET"
398,1774098919,2026-03-21 13:15:19,BUY,Up,0.47,99.43322,46.7336134,"Bitcoin Up or Down - March 21, 9:15AM-9:20AM ET"
399,1774098923,2026-03-21 13:15:23,BUY,Up,0.44,52.1,22.924,"Ethereum Up or Down - March 21, 9:15AM-9:20AM ET"
400,1774098923,2026-03-21 13:15:23,BUY,Up,0.44,23.9,10.516,"Ethereum Up or Down - March 21, 9:15AM-9:20AM ET"
401,1774098923,2026-03-21 13:15:23,BUY,Up,0.44,25.0,11.0,"Ethereum Up or Down - March 21, 9:15AM-9:20AM ET"
402,1774098927,2026-03-21 13:15:27,BUY,Down,0.41,101.0,41.41,"Bitcoin Up or Down - March 21, 9:15AM-9:20AM ET"
403,1774098927,2026-03-21 13:15:27,BUY,Down,0.42,101.0,42.42,"Bitcoin Up or Down - March 21, 9:15AM-9:20AM ET"
404,1774098927,2026-03-21 13:15:27,BUY,Down,0.4300000275806527,10.87719,4.677192,"Bitcoin Up or Down - March 21, 9:15AM-9:20AM ET"
405,1774098927,2026-03-21 13:15:27,BUY,Down,0.43,52.0,22.36,"Bitcoin Up or Down - March 21, 9:15AM-9:20AM ET"
406,1774098927,2026-03-21 13:15:27,BUY,Down,0.4,53.0,21.200000000000003,"Bitcoin Up or Down - March 21, 9:15AM-9:30AM ET"
407,1774098927,2026-03-21 13:15:27,BUY,Down,0.43,17.29,7.434699999999999,"Bitcoin Up or Down - March 21, 9:15AM-9:20AM ET"
408,1774098927,2026-03-21 13:15:27,BUY,Down,0.43,20.83,8.9569,"Bitcoin Up or Down - March 21, 9:15AM-9:20AM ET"
409,1774098965,2026-03-21 13:16:05,BUY,Down,0.3400000021674879,18.454544,6.274545,"Ethereum Up or Down - March 21, 9:15AM-9:20AM ET"
410,1774098965,2026-03-21 13:16:05,BUY,Down,0.34,2.96,1.0064,"Ethereum Up or Down - March 21, 9:15AM-9:20AM ET"
411,1774098965,2026-03-21 13:16:05,BUY,Down,0.3400000117666143,18.696967,6.356969,"Ethereum Up or Down - March 21, 9:15AM-9:20AM ET"
412,1774098965,2026-03-21 13:16:05,BUY,Down,0.34000007700011936,1.818179,0.618181,"Ethereum Up or Down - March 21, 9:15AM-9:20AM ET"
413,1774098965,2026-03-21 13:16:05,BUY,Down,0.34,15.0,5.1000000000000005,"Ethereum Up or Down - March 21, 9:15AM-9:20AM ET"
414,1774098965,2026-03-21 13:16:05,BUY,Down,0.35000000670103226,7.461537,2.611538,"Ethereum Up or Down - March 21, 9:15AM-9:20AM ET"
415,1774098965,2026-03-21 13:16:05,BUY,Down,0.35000000935925246,21.369228,7.479229999999999,"Ethereum Up or Down - March 21, 9:15AM-9:20AM ET"
416,1774098965,2026-03-21 13:16:05,BUY,Down,0.3400000191701279,7.303029,2.4830300000000003,"Ethereum Up or Down - March 21, 9:15AM-9:20AM ET"
417,1774098965,2026-03-21 13:16:05,BUY,Down,0.34000001204105157,13.287876,4.5178780000000005,"Ethereum Up or Down - March 21, 9:15AM-9:20AM ET"
418,1774098965,2026-03-21 13:16:05,BUY,Down,0.35000000931232167,16.107691,5.6376919999999995,"Ethereum Up or Down - March 21, 9:15AM-9:20AM ET"
419,1774098965,2026-03-21 13:16:05,BUY,Down,0.34000000170542644,23.454544,7.974544999999999,"Ethereum Up or Down - March 21, 9:15AM-9:20AM ET"
420,1774098965,2026-03-21 13:16:05,BUY,Down,0.36,32.6875,11.7675,"Ethereum Up or Down - March 21, 9:15AM-9:20AM ET"
421,1774098965,2026-03-21 13:16:05,BUY,Down,0.3500000243994046,6.147691,2.151692,"Ethereum Up or Down - March 21, 9:15AM-9:20AM ET"
422,1774098965,2026-03-21 13:16:05,BUY,Down,0.36,13.05,4.698,"Ethereum Up or Down - March 21, 9:15AM-9:20AM ET"
423,1774098965,2026-03-21 13:16:05,BUY,Down,0.35,11.15,3.9025,"Ethereum Up or Down - March 21, 9:15AM-9:20AM ET"
424,1774098965,2026-03-21 13:16:05,BUY,Down,0.35,7.4,2.59,"Ethereum Up or Down - March 21, 9:15AM-9:20AM ET"
425,1774098965,2026-03-21 13:16:05,BUY,Down,0.36,38.484375,13.854375,"Ethereum Up or Down - March 21, 9:15AM-9:20AM ET"
426,1774098965,2026-03-21 13:16:05,BUY,Down,0.3500000282608765,5.307691,1.857692,"Ethereum Up or Down - March 21, 9:15AM-9:20AM ET"
427,1774098965,2026-03-21 13:16:05,BUY,Down,0.37,12.56,4.6472,"Ethereum Up or Down - March 21, 9:15AM-9:20AM ET"
428,1774098965,2026-03-21 13:16:05,BUY,Down,0.35000001928783897,5.184614,1.8146149999999999,"Ethereum Up or Down - March 21, 9:15AM-9:20AM ET"
429,1774098965,2026-03-21 13:16:05,BUY,Down,0.3500000282608765,5.307691,1.857692,"Ethereum Up or Down - March 21, 9:15AM-9:20AM ET"
430,1774098965,2026-03-21 13:16:05,BUY,Down,0.35,15.53846,5.438461,"Ethereum Up or Down - March 21, 9:15AM-9:20AM ET"
431,1774098965,2026-03-21 13:16:05,BUY,Down,0.36,16.765625,6.035625,"Ethereum Up or Down - March 21, 9:15AM-9:20AM ET"
432,1774098967,2026-03-21 13:16:07,BUY,Down,0.28000001988492923,12.069442,3.3794440000000003,"Ethereum Up or Down - March 21, 9:15AM-9:20AM ET"
433,1774098967,2026-03-21 13:16:07,BUY,Down,0.28,10.0,2.8000000000000003,"Ethereum Up or Down - March 21, 9:15AM-9:20AM ET"
434,1774098967,2026-03-21 13:16:07,BUY,Down,0.28,8.375,2.345,"Ethereum Up or Down - March 21, 9:15AM-9:20AM ET"
435,1774098967,2026-03-21 13:16:07,BUY,Down,0.28000002801557944,7.138885,1.9988879999999998,"Ethereum Up or Down - March 21, 9:15AM-9:20AM ET"
436,1774098967,2026-03-21 13:16:07,BUY,Down,0.280000038876914,4.115553,1.152355,"Ethereum Up or Down - March 21, 9:15AM-9:20AM ET"
437,1774098967,2026-03-21 13:16:07,BUY,Down,0.28000000700730093,5.708332,1.5983330000000002,"Ethereum Up or Down - March 21, 9:15AM-9:20AM ET"
438,1774098973,2026-03-21 13:16:13,BUY,Down,0.24,4.76,1.1423999999999999,"Ethereum Up or Down - March 21, 9:15AM-9:20AM ET"
439,1774098975,2026-03-21 13:16:15,BUY,Down,0.31000001311000236,14.492751,4.4927529999999996,"Bitcoin Up or Down - March 21, 9:15AM-9:20AM ET"
440,1774098975,2026-03-21 13:16:15,BUY,Down,0.31,5.0,1.55,"Bitcoin Up or Down - March 21, 9:15AM-9:20AM ET"
441,1774098975,2026-03-21 13:16:15,BUY,Down,0.31000000828000324,7.246374,2.246376,"Bitcoin Up or Down - March 21, 9:15AM-9:20AM ET"
442,1774098975,2026-03-21 13:16:15,BUY,Down,0.31000000483000023,28.985506,8.985507,"Bitcoin Up or Down - March 21, 9:15AM-9:20AM ET"
443,1774098975,2026-03-21 13:16:15,BUY,Down,0.31000011040086556,0.362316,0.11231800000000002,"Bitcoin Up or Down - March 21, 9:15AM-9:20AM ET"
444,1774098975,2026-03-21 13:16:15,BUY,Down,0.31000000745200024,36.231883,11.231884,"Bitcoin Up or Down - March 21, 9:15AM-9:20AM ET"
445,1774098977,2026-03-21 13:16:17,BUY,Down,0.31,8.65,2.6815,"Bitcoin Up or Down - March 21, 9:15AM-9:20AM ET"
446,1774098979,2026-03-21 13:16:19,BUY,Down,0.2900001517559244,1.845068,0.5350699999999999,"Bitcoin Up or Down - March 21, 9:15AM-9:20AM ET"
447,1774098979,2026-03-21 13:16:19,BUY,Down,0.29,2.0,0.58,"Bitcoin Up or Down - March 21, 9:15AM-9:20AM ET"
448,1774098979,2026-03-21 13:16:19,BUY,Down,0.3,101.0,30.299999999999997,"Bitcoin Up or Down - March 21, 9:15AM-9:20AM ET"
449,1774098995,2026-03-21 13:16:35,BUY,Down,0.21000003901236303,5.12658,1.076582,"Ethereum Up or Down - March 21, 9:15AM-9:20AM ET"
450,1774098995,2026-03-21 13:16:35,BUY,Down,0.21,1.27,0.2667,"Ethereum Up or Down - March 21, 9:15AM-9:20AM ET"
451,1774098997,2026-03-21 13:16:37,BUY,Down,0.21,1.27,0.2667,"Ethereum Up or Down - March 21, 9:15AM-9:20AM ET"
452,1774098997,2026-03-21 13:16:37,BUY,Down,0.2,25.0,5.0,"Ethereum Up or Down - March 21, 9:15AM-9:20AM ET"
453,1774098997,2026-03-21 13:16:37,BUY,Down,0.2,6.8625,1.3725,"Ethereum Up or Down - March 21, 9:15AM-9:20AM ET"
454,1774098997,2026-03-21 13:16:37,BUY,Down,0.2,5.1,1.02,"Ethereum Up or Down - March 21, 9:15AM-9:20AM ET"
455,1774098997,2026-03-21 13:16:37,BUY,Down,0.21,57.06,11.9826,"Ethereum Up or Down - March 21, 9:15AM-9:20AM ET"
456,1774098997,2026-03-21 13:16:37,BUY,Down,0.21000000790002363,1.265819,0.265822,"Ethereum Up or Down - March 21, 9:15AM-9:20AM ET"
457,1774098999,2026-03-21 13:16:39,BUY,Down,0.2,10.5875,2.1175,"Ethereum Up or Down - March 21, 9:15AM-9:20AM ET"
458,1774098999,2026-03-21 13:16:39,BUY,Down,0.21,35.0,7.35,"Ethereum Up or Down - March 21, 9:15AM-9:20AM ET"
459,1774098999,2026-03-21 13:16:39,BUY,Down,0.17,25.0,4.25,"Ethereum Up or Down - March 21, 9:15AM-9:20AM ET"
460,1774098999,2026-03-21 13:16:39,BUY,Down,0.17,4.24,0.7208000000000001,"Ethereum Up or Down - March 21, 9:15AM-9:20AM ET"
461,1774098999,2026-03-21 13:16:39,BUY,Down,0.17,25.0,4.25,"Ethereum Up or Down - March 21, 9:15AM-9:20AM ET"
462,1774098999,2026-03-21 13:16:39,BUY,Down,0.17000000106931207,46.759035,7.9490359999999995,"Ethereum Up or Down - March 21, 9:15AM-9:20AM ET"
463,1774098999,2026-03-21 13:16:39,BUY,Down,0.16,1.190475,0.190476,"Ethereum Up or Down - March 21, 9:15AM-9:20AM ET"
464,1774098999,2026-03-21 13:16:39,BUY,Down,0.32,6.0,1.92,"Ethereum Up or Down - March 21, 9:15AM-9:30AM ET"
465,1774098999,2026-03-21 13:16:39,BUY,Down,0.32,29.25,9.36,"Ethereum Up or Down - March 21, 9:15AM-9:30AM ET"
466,1774098999,2026-03-21 13:16:39,BUY,Down,0.18000000246320252,40.597555,7.30756,"Ethereum Up or Down - March 21, 9:15AM-9:20AM ET"
467,1774098999,2026-03-21 13:16:39,BUY,Down,0.32,3.75,1.2,"Ethereum Up or Down - March 21, 9:15AM-9:30AM ET"
468,1774098999,2026-03-21 13:16:39,BUY,Down,0.1800000053770509,7.439022,1.339024,"Ethereum Up or Down - March 21, 9:15AM-9:20AM ET"
469,1774098999,2026-03-21 13:16:39,BUY,Down,0.18,26.76,4.8168,"Ethereum Up or Down - March 21, 9:15AM-9:20AM ET"
470,1774098999,2026-03-21 13:16:39,BUY,Down,0.16000000504000123,23.809518,3.809523,"Ethereum Up or Down - March 21, 9:15AM-9:20AM ET"
471,1774098999,2026-03-21 13:16:39,BUY,Down,0.18000000458100662,26.195116,4.715121,"Ethereum Up or Down - March 21, 9:15AM-9:20AM ET"
472,1774098999,2026-03-21 13:16:39,BUY,Down,0.2,53.44,10.688,"Ethereum Up or Down - March 21, 9:15AM-9:20AM ET"
473,1774099001,2026-03-21 13:16:41,BUY,Down,0.16,75.99,12.1584,"Ethereum Up or Down - March 21, 9:15AM-9:20AM ET"
474,1774099007,2026-03-21 13:16:47,BUY,Up,0.7200000226954207,21.149641,15.227742000000001,"Bitcoin Up or Down - March 21, 9:15AM-9:20AM ET"
475,1774099009,2026-03-21 13:16:49,SELL,Down,0.3,101.0,30.299999999999997,"Bitcoin Up or Down - March 21, 9:15AM-9:20AM ET"
476,1774099009,2026-03-21 13:16:49,BUY,Up,0.71,101.0,71.71,"Bitcoin Up or Down - March 21, 9:15AM-9:20AM ET"
477,1774099009,2026-03-21 13:16:49,BUY,Up,0.72,79.85,57.492,"Bitcoin Up or Down - March 21, 9:15AM-9:20AM ET"
478,1774099011,2026-03-21 13:16:51,BUY,Down,0.12000000442767683,9.034083,1.08409,"Ethereum Up or Down - March 21, 9:15AM-9:20AM ET"
479,1774099011,2026-03-21 13:16:51,BUY,Down,0.12,19.29545,2.315454,"Ethereum Up or Down - March 21, 9:15AM-9:20AM ET"
480,1774099011,2026-03-21 13:16:51,BUY,Down,0.12,1.53,0.18359999999999999,"Ethereum Up or Down - March 21, 9:15AM-9:20AM ET"
481,1774099011,2026-03-21 13:16:51,BUY,Down,0.12000000425121131,9.409083,1.1290900000000001,"Ethereum Up or Down - March 21, 9:15AM-9:20AM ET"
482,1774099011,2026-03-21 13:16:51,BUY,Down,0.12000001507495267,5.306816,0.6368180000000001,"Ethereum Up or Down - March 21, 9:15AM-9:20AM ET"
483,1774099011,2026-03-21 13:16:51,BUY,Down,0.12,20.0,2.4,"Ethereum Up or Down - March 21, 9:15AM-9:20AM ET"
484,1774099011,2026-03-21 13:16:51,BUY,Down,0.12000000158202297,25.284083,3.03409,"Ethereum Up or Down - March 21, 9:15AM-9:20AM ET"
485,1774099011,2026-03-21 13:16:51,BUY,Down,0.1200000035991831,11.113633,1.333636,"Ethereum Up or Down - March 21, 9:15AM-9:20AM ET"
486,1774099013,2026-03-21 13:16:53,BUY,Up,0.7400000503753991,12.704614,9.401415,"Bitcoin Up or Down - March 21, 9:15AM-9:20AM ET"
487,1774099017,2026-03-21 13:16:57,BUY,Down,0.1600000022505028,17.773806,2.843809,"Bitcoin Up or Down - March 21, 9:15AM-9:20AM ET"
488,1774099017,2026-03-21 13:16:57,BUY,Down,0.16000000336000167,11.904756,1.9047610000000001,"Bitcoin Up or Down - March 21, 9:15AM-9:20AM ET"
489,1774099017,2026-03-21 13:16:57,BUY,Down,0.17,57.28,9.7376,"Bitcoin Up or Down - March 21, 9:15AM-9:20AM ET"
490,1774099017,2026-03-21 13:16:57,BUY,Down,0.17000009130017255,1.204817,0.204819,"Bitcoin Up or Down - March 21, 9:15AM-9:20AM ET"
491,1774099017,2026-03-21 13:16:57,BUY,Down,0.17000006073190038,1.481923,0.251927,"Bitcoin Up or Down - March 21, 9:15AM-9:20AM ET"
492,1774099017,2026-03-21 13:16:57,BUY,Down,0.17000009130017255,1.204817,0.204819,"Bitcoin Up or Down - March 21, 9:15AM-9:20AM ET"
493,1774099017,2026-03-21 13:16:57,BUY,Down,0.17,10.0,1.7000000000000002,"Bitcoin Up or Down - March 21, 9:15AM-9:20AM ET"
494,1774099017,2026-03-21 13:16:57,BUY,Down,0.17000000301993934,29.801923,5.066326999999999,"Bitcoin Up or Down - March 21, 9:15AM-9:20AM ET"
495,1774099019,2026-03-21 13:16:59,BUY,Down,0.16000000504000123,23.809518,3.809523,"Bitcoin Up or Down - March 21, 9:15AM-9:20AM ET"
496,1774099019,2026-03-21 13:16:59,BUY,Down,0.16,1.190475,0.190476,"Bitcoin Up or Down - March 21, 9:15AM-9:20AM ET"
497,1774099019,2026-03-21 13:16:59,BUY,Down,0.16,6.56,1.0495999999999999,"Bitcoin Up or Down - March 21, 9:15AM-9:20AM ET"
498,1774099021,2026-03-21 13:17:01,BUY,Down,0.12,10.125,1.2149999999999999,"Bitcoin Up or Down - March 21, 9:15AM-9:20AM ET"
499,1774099021,2026-03-21 13:17:01,BUY,Down,0.12,5.91,0.7091999999999999,"Bitcoin Up or Down - March 21, 9:15AM-9:20AM ET"
500,1774099021,2026-03-21 13:17:01,BUY,Down,0.12,14.96,1.7952000000000001,"Bitcoin Up or Down - March 21, 9:15AM-9:20AM ET"
501,1774099021,2026-03-21 13:17:01,BUY,Down,0.12,25.0,3.0,"Bitcoin Up or Down - March 21, 9:15AM-9:20AM ET"
502,1774099023,2026-03-21 13:17:03,BUY,Down,0.12,45.0,5.3999999999999995,"Bitcoin Up or Down - March 21, 9:15AM-9:20AM ET"
503,1774099025,2026-03-21 13:17:05,BUY,Down,0.16770220187486373,91.29317999999999,15.31006730215827,"Bitcoin Up or Down - March 21, 9:15AM-9:20AM ET"
504,1774099025,2026-03-21 13:17:05,BUY,Down,0.16,29.99,4.7984,"Bitcoin Up or Down - March 21, 9:15AM-9:20AM ET"
505,1774099025,2026-03-21 13:17:05,BUY,Down,0.16,5.0,0.8,"Bitcoin Up or Down - March 21, 9:15AM-9:20AM ET"
506,1774099025,2026-03-21 13:17:05,BUY,Down,0.16,10.0,1.6,"Bitcoin Up or Down - March 21, 9:15AM-9:20AM ET"
507,1774099025,2026-03-21 13:17:05,BUY,Down,0.16,12.67,2.0272,"Bitcoin Up or Down - March 21, 9:15AM-9:20AM ET"
508,1774099025,2026-03-21 13:17:05,BUY,Down,0.17,9.26,1.5742,"Bitcoin Up or Down - March 21, 9:15AM-9:20AM ET"
509,1774099025,2026-03-21 13:17:05,BUY,Down,0.28,12.0,3.3600000000000003,"Bitcoin Up or Down - March 21, 9:15AM-9:30AM ET"
510,1774099025,2026-03-21 13:17:05,BUY,Down,0.28,12.0,3.3600000000000003,"Bitcoin Up or Down - March 21, 9:15AM-9:30AM ET"
511,1774099027,2026-03-21 13:17:07,BUY,Down,0.25,10.0,2.5,"Bitcoin Up or Down - March 21, 9:15AM-9:30AM ET"
512,1774099027,2026-03-21 13:17:07,BUY,Down,0.25,27.75,6.9375,"Bitcoin Up or Down - March 21, 9:15AM-9:30AM ET"
513,1774099027,2026-03-21 13:17:07,BUY,Down,0.11000000121374558,32.955836,3.625142,"Bitcoin Up or Down - March 21, 9:15AM-9:20AM ET"
514,1774099027,2026-03-21 13:17:07,BUY,Down,0.13,101.0,13.13,"Bitcoin Up or Down - March 21, 9:15AM-9:20AM ET"
515,1774099027,2026-03-21 13:17:07,BUY,Down,0.14,101.0,14.14,"Bitcoin Up or Down - March 21, 9:15AM-9:20AM ET"
516,1774099027,2026-03-21 13:17:07,BUY,Down,0.15,101.0,15.149999999999999,"Bitcoin Up or Down - March 21, 9:15AM-9:20AM ET"
517,1774099027,2026-03-21 13:17:07,BUY,Down,0.16,43.34,6.934400000000001,"Bitcoin Up or Down - March 21, 9:15AM-9:20AM ET"
518,1774099087,2026-03-21 13:18:07,,,0.0,398.444116,0.0,"Ethereum Up or Down - March 21, 9:10AM-9:15AM ET"
519,1774099087,2026-03-21 13:18:07,,,0.0,0.0,0.0,"Ethereum Up or Down - March 21, 9:10AM-9:15AM ET"
520,1774099087,2026-03-21 13:18:07,,,0.0,0.0,0.0,"Ethereum Up or Down - March 21, 9:05AM-9:10AM ET"
521,1774099087,2026-03-21 13:18:07,,,0.0,0.0,0.0,"Ethereum Up or Down - March 21, 9:00AM-9:05AM ET"
522,1774099087,2026-03-21 13:18:07,,,0.0,1238.594997,0.0,"Bitcoin Up or Down - March 21, 9:05AM-9:10AM ET"
523,1774099087,2026-03-21 13:18:07,,,0.0,0.0,0.0,"Bitcoin Up or Down - March 21, 9:10AM-9:15AM ET"
524,1774099087,2026-03-21 13:18:07,,,0.0,0.0,0.0,"Bitcoin Up or Down - March 21, 9:05AM-9:10AM ET"
525,1774099087,2026-03-21 13:18:07,,,0.0,1672.491371,0.0,"Bitcoin Up or Down - March 21, 9:10AM-9:15AM ET"
526,1774099087,2026-03-21 13:18:07,,,0.0,0.0,0.0,"Bitcoin Up or Down - March 21, 9:00AM-9:05AM ET"
527,1774099087,2026-03-21 13:18:07,,,0.0,3066.154678,0.0,"Bitcoin Up or Down - March 21, 9:00AM-9:05AM ET"
528,1774099091,2026-03-21 13:18:11,,,0.0,33.861427,0.0,"Ethereum Up or Down - March 21, 9:00AM-9:15AM ET"
529,1774099091,2026-03-21 13:18:11,,,0.0,0.0,0.0,"Ethereum Up or Down - March 21, 9:00AM-9:15AM ET"
530,1774099091,2026-03-21 13:18:11,,,0.0,119.0,0.0,"Ethereum Up or Down - March 21, 9:05AM-9:10AM ET"
531,1774099091,2026-03-21 13:18:11,,,0.0,0.0,0.0,"Bitcoin Up or Down - March 21, 9:00AM-9:15AM ET"
532,1774099091,2026-03-21 13:18:11,,,0.0,211.9389,0.0,"Bitcoin Up or Down - March 21, 9:00AM-9:15AM ET"
533,1774099091,2026-03-21 13:18:11,,,0.0,260.164178,0.0,"Ethereum Up or Down - March 21, 9:00AM-9:05AM ET"
534,1774099103,2026-03-21 13:18:23,BUY,Up,0.75,4.0,3.0,"Bitcoin Up or Down - March 21, 9:15AM-9:30AM ET"
535,1774099107,2026-03-21 13:18:27,BUY,Up,0.75,28.0,21.0,"Bitcoin Up or Down - March 21, 9:15AM-9:30AM ET"
536,1774099107,2026-03-21 13:18:27,BUY,Up,0.75,12.0,9.0,"Bitcoin Up or Down - March 21, 9:15AM-9:30AM ET"
537,1774099131,2026-03-21 13:18:51,BUY,Up,0.76,42.64236,32.4081936,"Bitcoin Up or Down - March 21, 9:15AM-9:30AM ET"
538,1774099149,2026-03-21 13:19:09,BUY,Down,0.11,1.84,0.2024,"Bitcoin Up or Down - March 21, 9:15AM-9:30AM ET"
539,1774099167,2026-03-21 13:19:27,BUY,Down,0.11,44.89218,4.9381398,"Bitcoin Up or Down - March 21, 9:15AM-9:30AM ET"
540,1774099169,2026-03-21 13:19:29,BUY,Down,0.11,44.89218,4.9381398,"Bitcoin Up or Down - March 21, 9:15AM-9:30AM ET"
541,1774099171,2026-03-21 13:19:31,BUY,Down,0.08,44.0,3.52,"Bitcoin Up or Down - March 21, 9:15AM-9:30AM ET"
542,1774099175,2026-03-21 13:19:35,BUY,Down,0.0984375,31.937,3.1437984375,"Ethereum Up or Down - March 21, 9:15AM-9:30AM ET"
543,1774099175,2026-03-21 13:19:35,BUY,Down,0.12,31.91079,3.8292947999999996,"Ethereum Up or Down - March 21, 9:15AM-9:30AM ET"
544,1774099175,2026-03-21 13:19:35,BUY,Down,0.09,8.76,0.7884,"Bitcoin Up or Down - March 21, 9:15AM-9:30AM ET"
545,1774099175,2026-03-21 13:19:35,BUY,Down,0.09,36.179230000000004,3.2561307000000004,"Bitcoin Up or Down - March 21, 9:15AM-9:30AM ET"
546,1774099177,2026-03-21 13:19:37,BUY,Down,0.12,31.91079,3.8292947999999996,"Ethereum Up or Down - March 21, 9:15AM-9:30AM ET"
547,1774099183,2026-03-21 13:19:43,BUY,Down,0.11,21.57818,2.3735998,"Ethereum Up or Down - March 21, 9:15AM-9:30AM ET"
548,1774099183,2026-03-21 13:19:43,BUY,Down,0.08,45.93771,3.6750168000000003,"Ethereum Up or Down - March 21, 9:15AM-9:30AM ET"
549,1774099185,2026-03-21 13:19:45,BUY,Down,0.11,15.0,1.65,"Ethereum Up or Down - March 21, 9:15AM-9:30AM ET"
550,1774099185,2026-03-21 13:19:45,BUY,Down,0.11,9.37,1.0307,"Ethereum Up or Down - March 21, 9:15AM-9:30AM ET"
551,1774099207,2026-03-21 13:20:07,BUY,Down,0.12,7.88,0.9456,"Ethereum Up or Down - March 21, 9:15AM-9:30AM ET"
552,1774099207,2026-03-21 13:20:07,BUY,Down,0.5300000475662717,8.829786,4.679787,"Ethereum Up or Down - March 21, 9:20AM-9:25AM ET"
553,1774099217,2026-03-21 13:20:17,BUY,Up,0.2900000046557379,34.366196,9.966197000000001,"Ethereum Up or Down - March 21, 9:20AM-9:25AM ET"
554,1774099217,2026-03-21 13:20:17,BUY,Up,0.29000001705194106,9.383096,2.721098,"Ethereum Up or Down - March 21, 9:20AM-9:25AM ET"
555,1774099217,2026-03-21 13:20:17,BUY,Up,0.3,21.04,6.311999999999999,"Ethereum Up or Down - March 21, 9:20AM-9:25AM ET"
556,1774099217,2026-03-21 13:20:17,BUY,Up,0.30000001425662465,7.014283,2.104285,"Ethereum Up or Down - March 21, 9:20AM-9:25AM ET"
557,1774099217,2026-03-21 13:20:17,BUY,Up,0.30000002910604,6.871426,2.061428,"Ethereum Up or Down - March 21, 9:20AM-9:25AM ET"
558,1774099217,2026-03-21 13:20:17,BUY,Up,0.30000001607348026,12.442856,3.7328570000000005,"Ethereum Up or Down - March 21, 9:20AM-9:25AM ET"
559,1774099217,2026-03-21 13:20:17,BUY,Up,0.31000002770554913,7.579709,2.34971,"Ethereum Up or Down - March 21, 9:20AM-9:25AM ET"
560,1774099217,2026-03-21 13:20:17,BUY,Up,0.3,7.05714,2.117142,"Ethereum Up or Down - March 21, 9:20AM-9:25AM ET"
561,1774099217,2026-03-21 13:20:17,BUY,Up,0.3,6.7,2.01,"Ethereum Up or Down - March 21, 9:20AM-9:25AM ET"
562,1774099217,2026-03-21 13:20:17,BUY,Up,0.31000003763637135,5.579709,1.72971,"Ethereum Up or Down - March 21, 9:20AM-9:25AM ET"
563,1774099217,2026-03-21 13:20:17,BUY,Up,0.30000001146601224,17.442856,5.232857,"Ethereum Up or Down - March 21, 9:20AM-9:25AM ET"
564,1774099217,2026-03-21 13:20:17,BUY,Up,0.3,9.835,2.9505000000000003,"Ethereum Up or Down - March 21, 9:20AM-9:25AM ET"
565,1774099217,2026-03-21 13:20:17,BUY,Up,0.31,2.95,0.9145000000000001,"Ethereum Up or Down - March 21, 9:20AM-9:25AM ET"
566,1774099217,2026-03-21 13:20:17,BUY,Up,0.3,12.55714,3.7671419999999998,"Ethereum Up or Down - March 21, 9:20AM-9:25AM ET"
567,1774099217,2026-03-21 13:20:17,BUY,Up,0.3100000162453548,11.695651,3.6256519999999997,"Ethereum Up or Down - March 21, 9:20AM-9:25AM ET"
568,1774099217,2026-03-21 13:20:17,BUY,Up,0.31,11.7971,3.657101,"Ethereum Up or Down - March 21, 9:20AM-9:25AM ET"
569,1774099217,2026-03-21 13:20:17,BUY,Up,0.31000001247740033,8.01449,2.4844920000000004,"Ethereum Up or Down - March 21, 9:20AM-9:25AM ET"
570,1774099217,2026-03-21 13:20:17,BUY,Up,0.31000001110432895,26.115941,8.095941999999999,"Ethereum Up or Down - March 21, 9:20AM-9:25AM ET"
571,1774099217,2026-03-21 13:20:17,BUY,Up,0.31000000220212787,27.246374,8.446375999999999,"Ethereum Up or Down - March 21, 9:20AM-9:25AM ET"
572,1774099219,2026-03-21 13:20:19,BUY,Down,0.710000065036774,9.379309,6.65931,"Bitcoin Up or Down - March 21, 9:20AM-9:25AM ET"
573,1774099219,2026-03-21 13:20:19,BUY,Up,0.29,25.35,7.3515,"Ethereum Up or Down - March 21, 9:20AM-9:25AM ET"
574,1774099219,2026-03-21 13:20:19,BUY,Down,0.69,72.71,50.16989999999999,"Bitcoin Up or Down - March 21, 9:20AM-9:25AM ET"
575,1774099219,2026-03-21 13:20:19,BUY,Down,0.71,20.0,14.2,"Bitcoin Up or Down - March 21, 9:20AM-9:25AM ET"
576,1774099219,2026-03-21 13:20:19,BUY,Down,0.69,11.6,8.004,"Bitcoin Up or Down - March 21, 9:20AM-9:25AM ET"
577,1774099219,2026-03-21 13:20:19,BUY,Up,0.2900000155191304,12.88732,3.737323,"Ethereum Up or Down - March 21, 9:20AM-9:25AM ET"
578,1774099219,2026-03-21 13:20:19,BUY,Up,0.29,14.0,4.06,"Ethereum Up or Down - March 21, 9:20AM-9:25AM ET"
579,1774099219,2026-03-21 13:20:19,BUY,Down,0.6900002037798617,3.140644,2.167045,"Bitcoin Up or Down - March 21, 9:20AM-9:25AM ET"
580,1774099219,2026-03-21 13:20:19,BUY,Down,0.6900000450549231,13.539031,9.341932,"Bitcoin Up or Down - March 21, 9:20AM-9:25AM ET"
581,1774099221,2026-03-21 13:20:21,BUY,Down,0.71,11.42,8.1082,"Bitcoin Up or Down - March 21, 9:20AM-9:25AM ET"
582,1774099221,2026-03-21 13:20:21,BUY,Down,0.71,8.02,5.6941999999999995,"Bitcoin Up or Down - March 21, 9:20AM-9:25AM ET"
583,1774099221,2026-03-21 13:20:21,BUY,Down,0.7100001085329838,4.146205,2.943806,"Bitcoin Up or Down - March 21, 9:20AM-9:25AM ET"
584,1774099221,2026-03-21 13:20:21,BUY,Down,0.71,5.0,3.55,"Bitcoin Up or Down - March 21, 9:20AM-9:25AM ET"
585,1774099221,2026-03-21 13:20:21,BUY,Down,0.71,6.4,4.544,"Bitcoin Up or Down - March 21, 9:20AM-9:25AM ET"
586,1774099221,2026-03-21 13:20:21,BUY,Down,0.71,5.0,3.55,"Bitcoin Up or Down - March 21, 9:20AM-9:25AM ET"
587,1774099221,2026-03-21 13:20:21,BUY,Down,0.7100000359600027,17.241378,12.241379,"Bitcoin Up or Down - March 21, 9:20AM-9:25AM ET"
588,1774099221,2026-03-21 13:20:21,BUY,Down,0.71,9.38,6.659800000000001,"Bitcoin Up or Down - March 21, 9:20AM-9:25AM ET"
589,1774099221,2026-03-21 13:20:21,BUY,Down,0.71,5.0,3.55,"Bitcoin Up or Down - March 21, 9:20AM-9:25AM ET"
590,1774099221,2026-03-21 13:20:21,BUY,Up,0.29,5.0,1.45,"Ethereum Up or Down - March 21, 9:20AM-9:25AM ET"
591,1774099227,2026-03-21 13:20:27,BUY,Down,0.69,101.0,69.69,"Bitcoin Up or Down - March 21, 9:20AM-9:25AM ET"
592,1774099227,2026-03-21 13:20:27,BUY,Down,0.7,101.0,70.69999999999999,"Bitcoin Up or Down - March 21, 9:20AM-9:25AM ET"
593,1774099239,2026-03-21 13:20:39,BUY,Down,0.67,0.27,0.18090000000000003,"Bitcoin Up or Down - March 21, 9:20AM-9:25AM ET"
594,1774099239,2026-03-21 13:20:39,BUY,Down,0.67,100.73,67.48910000000001,"Bitcoin Up or Down - March 21, 9:20AM-9:25AM ET"
595,1774099245,2026-03-21 13:20:45,BUY,Down,0.71,101.0,71.71,"Bitcoin Up or Down - March 21, 9:20AM-9:25AM ET"
596,1774099245,2026-03-21 13:20:45,BUY,Down,0.72,101.0,72.72,"Bitcoin Up or Down - March 21, 9:20AM-9:25AM ET"
597,1774099253,2026-03-21 13:20:53,BUY,Down,0.29,4.98,1.4442,"Bitcoin Up or Down - March 21, 9:15AM-9:30AM ET"
598,1774099253,2026-03-21 13:20:53,BUY,Down,0.29,15.0,4.35,"Bitcoin Up or Down - March 21, 9:15AM-9:30AM ET"
599,1774099253,2026-03-21 13:20:53,BUY,Down,0.29,7.19,2.0851,"Bitcoin Up or Down - March 21, 9:15AM-9:30AM ET"
600,1774099253,2026-03-21 13:20:53,BUY,Down,0.3,58.34953,17.504859,"Bitcoin Up or Down - March 21, 9:15AM-9:30AM ET"
601,1774099263,2026-03-21 13:21:03,BUY,Down,0.42,42.0,17.64,"Ethereum Up or Down - March 21, 9:15AM-9:30AM ET"
602,1774099267,2026-03-21 13:21:07,BUY,Up,0.12,43.0,5.16,"Bitcoin Up or Down - March 21, 9:20AM-9:25AM ET"
603,1774099267,2026-03-21 13:21:07,BUY,Up,0.12000003520017459,1.136358,0.13636299999999998,"Bitcoin Up or Down - March 21, 9:20AM-9:25AM ET"
604,1774099267,2026-03-21 13:21:07,BUY,Up,0.12000001582023155,5.056816,0.6068180000000001,"Bitcoin Up or Down - March 21, 9:20AM-9:25AM ET"
605,1774099267,2026-03-21 13:21:07,BUY,Up,0.12,11.0,1.3199999999999998,"Bitcoin Up or Down - March 21, 9:20AM-9:25AM ET"
606,1774099267,2026-03-21 13:21:07,BUY,Up,0.12,5.0,0.6,"Bitcoin Up or Down - March 21, 9:20AM-9:25AM ET"
607,1774099267,2026-03-21 13:21:07,BUY,Up,0.12,5.0,0.6,"Bitcoin Up or Down - March 21, 9:20AM-9:25AM ET"
608,1774099267,2026-03-21 13:21:07,BUY,Up,0.1200000024233747,16.505908,1.980709,"Bitcoin Up or Down - March 21, 9:20AM-9:25AM ET"
609,1774099269,2026-03-21 13:21:09,BUY,Up,0.12,5.0,0.6,"Bitcoin Up or Down - March 21, 9:20AM-9:25AM ET"
610,1774099269,2026-03-21 13:21:09,BUY,Up,0.12,9.29,1.1147999999999998,"Bitcoin Up or Down - March 21, 9:20AM-9:25AM ET"
611,1774099277,2026-03-21 13:21:17,BUY,Up,0.09,9.67,0.8703,"Bitcoin Up or Down - March 21, 9:20AM-9:25AM ET"
612,1774099277,2026-03-21 13:21:17,BUY,Up,0.09,91.3201,8.218809,"Bitcoin Up or Down - March 21, 9:20AM-9:25AM ET"
613,1774099307,2026-03-21 13:21:47,SELL,Down,0.39,54.0,21.060000000000002,"Bitcoin Up or Down - March 21, 9:15AM-9:30AM ET"
614,1774099307,2026-03-21 13:21:47,SELL,Down,0.35,4.0,1.4,"Bitcoin Up or Down - March 21, 9:15AM-9:30AM ET"
615,1774099307,2026-03-21 13:21:47,SELL,Down,0.35,20.0,7.0,"Bitcoin Up or Down - March 21, 9:15AM-9:30AM ET"
616,1774099307,2026-03-21 13:21:47,SELL,Down,0.38,9.02,3.4276,"Bitcoin Up or Down - March 21, 9:15AM-9:30AM ET"
617,1774099307,2026-03-21 13:21:47,SELL,Down,0.35,20.0,7.0,"Bitcoin Up or Down - March 21, 9:15AM-9:30AM ET"
618,1774099307,2026-03-21 13:21:47,SELL,Down,0.35,10.0,3.5,"Bitcoin Up or Down - March 21, 9:15AM-9:30AM ET"
619,1774099309,2026-03-21 13:21:49,SELL,Down,0.38,44.98,17.092399999999998,"Bitcoin Up or Down - March 21, 9:15AM-9:30AM ET"
620,1774099311,2026-03-21 13:21:51,BUY,Down,0.84,101.0,84.84,"Bitcoin Up or Down - March 21, 9:20AM-9:25AM ET"
621,1774099311,2026-03-21 13:21:51,BUY,Down,0.83,101.0,83.83,"Bitcoin Up or Down - March 21, 9:20AM-9:25AM ET"
622,1774099321,2026-03-21 13:22:01,BUY,Up,0.51,58.07887,29.6202237,"Bitcoin Up or Down - March 21, 9:15AM-9:30AM ET"
623,1774099329,2026-03-21 13:22:09,BUY,Up,0.410000022417965,9.813558,4.023559,"Bitcoin Up or Down - March 21, 9:15AM-9:30AM ET"
624,1774099329,2026-03-21 13:22:09,BUY,Up,0.410000023944812,10.440675,4.280677,"Bitcoin Up or Down - March 21, 9:15AM-9:30AM ET"
625,1774099329,2026-03-21 13:22:09,BUY,Up,0.42,13.33,5.5986,"Bitcoin Up or Down - March 21, 9:15AM-9:30AM ET"
626,1774099329,2026-03-21 13:22:09,BUY,Up,0.42,2.67,1.1214,"Bitcoin Up or Down - March 21, 9:15AM-9:30AM ET"
627,1774099329,2026-03-21 13:22:09,BUY,Up,0.42,40.0,16.8,"Bitcoin Up or Down - March 21, 9:15AM-9:30AM ET"
628,1774099333,2026-03-21 13:22:13,BUY,Up,0.21,36.93,7.7553,"Ethereum Up or Down - March 21, 9:15AM-9:30AM ET"
629,1774099333,2026-03-21 13:22:13,BUY,Up,0.22,40.0,8.8,"Ethereum Up or Down - March 21, 9:15AM-9:30AM ET"
630,1774099333,2026-03-21 13:22:13,BUY,Up,0.23,40.0,9.200000000000001,"Ethereum Up or Down - March 21, 9:15AM-9:30AM ET"
631,1774099333,2026-03-21 13:22:13,BUY,Up,0.24,40.0,9.6,"Ethereum Up or Down - March 21, 9:15AM-9:30AM ET"
632,1774099333,2026-03-21 13:22:13,BUY,Up,0.25,38.0,9.5,"Ethereum Up or Down - March 21, 9:15AM-9:30AM ET"
633,1774099391,2026-03-21 13:23:11,BUY,Down,0.72,5.0,3.5999999999999996,"Bitcoin Up or Down - March 21, 9:15AM-9:30AM ET"
634,1774099437,2026-03-21 13:23:57,BUY,Down,0.66,44.0,29.040000000000003,"Bitcoin Up or Down - March 21, 9:15AM-9:30AM ET"
635,1774099443,2026-03-21 13:24:03,BUY,Down,0.6840697674418604,42.4979,29.07152856976744,"Bitcoin Up or Down - March 21, 9:15AM-9:30AM ET"
636,1774099469,2026-03-21 13:24:29,BUY,Up,0.08,1.02,0.0816,"Ethereum Up or Down - March 21, 9:15AM-9:30AM ET"
637,1774099469,2026-03-21 13:24:29,BUY,Up,0.08,24.51,1.9608,"Ethereum Up or Down - March 21, 9:15AM-9:30AM ET"
638,1774099469,2026-03-21 13:24:29,BUY,Up,0.08,13.47,1.0776000000000001,"Ethereum Up or Down - March 21, 9:15AM-9:30AM ET"
639,1774099505,2026-03-21 13:25:05,BUY,Up,0.52,4.02,2.0904,"Ethereum Up or Down - March 21, 9:25AM-9:30AM ET"
640,1774099505,2026-03-21 13:25:05,BUY,Up,0.5200000494845565,4.041665,2.101666,"Ethereum Up or Down - March 21, 9:25AM-9:30AM ET"
641,1774099505,2026-03-21 13:25:05,BUY,Up,0.5019369417841386,91.47802,45.916197599268266,"Ethereum Up or Down - March 21, 9:25AM-9:30AM ET"
642,1774099505,2026-03-21 13:25:05,BUY,Up,0.5,99.42188,49.71094,"Ethereum Up or Down - March 21, 9:25AM-9:30AM ET"
643,1774099507,2026-03-21 13:25:07,BUY,Up,0.48,36.0,17.28,"Bitcoin Up or Down - March 21, 9:25AM-9:30AM ET"
644,1774099507,2026-03-21 13:25:07,BUY,Up,0.48,35.0,16.8,"Bitcoin Up or Down - March 21, 9:25AM-9:30AM ET"
645,1774099507,2026-03-21 13:25:07,BUY,Up,0.6100000226200032,12.820511,7.820512,"Ethereum Up or Down - March 21, 9:25AM-9:30AM ET"
646,1774099507,2026-03-21 13:25:07,BUY,Up,0.26,32.0,8.32,"Ethereum Up or Down - March 21, 9:15AM-9:30AM ET"
647,1774099507,2026-03-21 13:25:07,BUY,Up,0.61,6.0,3.66,"Ethereum Up or Down - March 21, 9:25AM-9:30AM ET"
648,1774099507,2026-03-21 13:25:07,BUY,Up,0.48,30.0,14.399999999999999,"Bitcoin Up or Down - March 21, 9:25AM-9:30AM ET"
649,1774099507,2026-03-21 13:25:07,BUY,Up,0.26,3.35,0.8710000000000001,"Ethereum Up or Down - March 21, 9:15AM-9:30AM ET"
650,1774099507,2026-03-21 13:25:07,BUY,Up,0.26,2.62548,0.6826248,"Ethereum Up or Down - March 21, 9:15AM-9:30AM ET"
651,1774099511,2026-03-21 13:25:11,BUY,Down,0.3700002079615002,1.634918,0.60492,"Ethereum Up or Down - March 21, 9:25AM-9:30AM ET"
652,1774099511,2026-03-21 13:25:11,BUY,Down,0.37,1.5873,0.587301,"Ethereum Up or Down - March 21, 9:25AM-9:30AM ET"
653,1774099511,2026-03-21 13:25:11,BUY,Down,0.370000010808826,6.476189,2.39619,"Ethereum Up or Down - March 21, 9:25AM-9:30AM ET"
654,1774099515,2026-03-21 13:25:15,BUY,Down,0.3500000812501253,1.846151,0.6461530000000001,"Ethereum Up or Down - March 21, 9:25AM-9:30AM ET"
655,1774099515,2026-03-21 13:25:15,BUY,Down,0.35,12.0,4.199999999999999,"Ethereum Up or Down - March 21, 9:25AM-9:30AM ET"
656,1774099515,2026-03-21 13:25:15,BUY,Down,0.35,12.0,4.199999999999999,"Ethereum Up or Down - March 21, 9:25AM-9:30AM ET"
657,1774099517,2026-03-21 13:25:17,BUY,Down,0.3500000054166668,46.153845,16.153845999999998,"Ethereum Up or Down - March 21, 9:25AM-9:30AM ET"
658,1774099521,2026-03-21 13:25:21,BUY,Down,0.3400001056000359,3.030302,1.030303,"Ethereum Up or Down - March 21, 9:25AM-9:30AM ET"
659,1774099523,2026-03-21 13:25:23,BUY,Down,0.34000004658824573,5.151514,1.751515,"Ethereum Up or Down - March 21, 9:25AM-9:30AM ET"
660,1774099523,2026-03-21 13:25:23,BUY,Down,0.34,15.0,5.1000000000000005,"Ethereum Up or Down - March 21, 9:25AM-9:30AM ET"
661,1774099525,2026-03-21 13:25:25,BUY,Up,0.5400001771637029,1.919129,1.03633,"Bitcoin Up or Down - March 21, 9:25AM-9:30AM ET"
662,1774099525,2026-03-21 13:25:25,BUY,Up,0.55,101.0,55.550000000000004,"Bitcoin Up or Down - March 21, 9:25AM-9:30AM ET"
663,1774099563,2026-03-21 13:26:03,BUY,Up,0.68,5.5,3.74,"Bitcoin Up or Down - March 21, 9:25AM-9:30AM ET"
664,1774099563,2026-03-21 13:26:03,BUY,Up,0.42,52.0,21.84,"Bitcoin Up or Down - March 21, 9:15AM-9:30AM ET"
665,1774099567,2026-03-21 13:26:07,BUY,Up,0.7,101.0,70.69999999999999,"Bitcoin Up or Down - March 21, 9:25AM-9:30AM ET"
666,1774099567,2026-03-21 13:26:07,BUY,Up,0.73,101.0,73.73,"Bitcoin Up or Down - March 21, 9:25AM-9:30AM ET"
667,1774099589,2026-03-21 13:26:29,BUY,Down,0.1800000034097408,46.924388,8.44639,"Bitcoin Up or Down - March 21, 9:25AM-9:30AM ET"
668,1774099593,2026-03-21 13:26:33,BUY,Down,0.17,101.0,17.17,"Bitcoin Up or Down - March 21, 9:25AM-9:30AM ET"
669,1774099593,2026-03-21 13:26:33,BUY,Down,0.18,16.93,3.0473999999999997,"Bitcoin Up or Down - March 21, 9:25AM-9:30AM ET"
670,1774099593,2026-03-21 13:26:33,BUY,Down,0.18,2.59,0.46619999999999995,"Bitcoin Up or Down - March 21, 9:25AM-9:30AM ET"
671,1774099593,2026-03-21 13:26:33,BUY,Down,0.18,15.0289,2.705202,"Bitcoin Up or Down - March 21, 9:25AM-9:30AM ET"
672,1774099593,2026-03-21 13:26:33,BUY,Down,0.1800000098400048,12.195116,2.1951210000000003,"Bitcoin Up or Down - March 21, 9:25AM-9:30AM ET"
673,1774099593,2026-03-21 13:26:33,BUY,Down,0.18000001640001606,1.219511,0.21951199999999998,"Bitcoin Up or Down - March 21, 9:25AM-9:30AM ET"
674,1774099593,2026-03-21 13:26:33,BUY,Down,0.18000001640001606,6.097555,1.0975599999999999,"Bitcoin Up or Down - March 21, 9:25AM-9:30AM ET"
675,1774099601,2026-03-21 13:26:41,BUY,Down,0.28,99.97378,27.992658400000003,"Bitcoin Up or Down - March 21, 9:25AM-9:30AM ET"
676,1774099601,2026-03-21 13:26:41,BUY,Down,0.4751923076923077,51.1915,24.32580701923077,"Bitcoin Up or Down - March 21, 9:15AM-9:30AM ET"
677,1774099601,2026-03-21 13:26:41,SELL,Up,0.4,5.99,2.3960000000000004,"Ethereum Up or Down - March 21, 9:15AM-9:30AM ET"
678,1774099601,2026-03-21 13:26:41,BUY,Down,0.1800000010567011,56.780483,10.220486999999999,"Ethereum Up or Down - March 21, 9:25AM-9:30AM ET"
679,1774099601,2026-03-21 13:26:41,BUY,Down,0.18,6.91,1.2438,"Ethereum Up or Down - March 21, 9:25AM-9:30AM ET"
680,1774099601,2026-03-21 13:26:41,SELL,Up,0.4,1.58,0.6320000000000001,"Ethereum Up or Down - March 21, 9:15AM-9:30AM ET"
681,1774099601,2026-03-21 13:26:41,BUY,Down,0.18000002304450125,5.207316,0.937317,"Ethereum Up or Down - March 21, 9:25AM-9:30AM ET"
682,1774099601,2026-03-21 13:26:41,BUY,Down,0.18008910891089108,100.44949,18.089859144653463,"Ethereum Up or Down - March 21, 9:25AM-9:30AM ET"
683,1774099601,2026-03-21 13:26:41,BUY,Down,0.18,100.44991,18.0809838,"Ethereum Up or Down - March 21, 9:25AM-9:30AM ET"
684,1774099601,2026-03-21 13:26:41,BUY,Down,0.18,3.99,0.7182000000000001,"Ethereum Up or Down - March 21, 9:25AM-9:30AM ET"
685,1774099601,2026-03-21 13:26:41,SELL,Up,0.4,30.43,12.172,"Ethereum Up or Down - March 21, 9:15AM-9:30AM ET"
686,1774099603,2026-03-21 13:26:43,BUY,Down,0.18,8.02,1.4435999999999998,"Ethereum Up or Down - March 21, 9:25AM-9:30AM ET"
687,1774099603,2026-03-21 13:26:43,BUY,Down,0.18,8.19,1.4742,"Ethereum Up or Down - March 21, 9:25AM-9:30AM ET"
688,1774099603,2026-03-21 13:26:43,BUY,Down,0.18000001640001606,1.219511,0.21951199999999998,"Ethereum Up or Down - March 21, 9:25AM-9:30AM ET"
689,1774099603,2026-03-21 13:26:43,BUY,Down,0.18,6.91,1.2438,"Ethereum Up or Down - March 21, 9:25AM-9:30AM ET"
690,1774099603,2026-03-21 13:26:43,BUY,Down,0.2759871287128713,99.99184,27.59646081631683,"Bitcoin Up or Down - March 21, 9:25AM-9:30AM ET"
691,1774099603,2026-03-21 13:26:43,BUY,Down,0.26,100.06531,26.0169806,"Bitcoin Up or Down - March 21, 9:25AM-9:30AM ET"
692,1774099607,2026-03-21 13:26:47,SELL,Down,0.34,5.0,1.7000000000000002,"Bitcoin Up or Down - March 21, 9:25AM-9:30AM ET"
693,1774099607,2026-03-21 13:26:47,SELL,Down,0.34,6.5,2.21,"Bitcoin Up or Down - March 21, 9:25AM-9:30AM ET"
694,1774099607,2026-03-21 13:26:47,SELL,Down,0.34,0.21,0.0714,"Bitcoin Up or Down - March 21, 9:25AM-9:30AM ET"
695,1774099607,2026-03-21 13:26:47,BUY,Down,0.25,2.666664,0.666666,"Ethereum Up or Down - March 21, 9:25AM-9:30AM ET"
696,1774099607,2026-03-21 13:26:47,BUY,Down,0.25,4.34,1.085,"Ethereum Up or Down - March 21, 9:25AM-9:30AM ET"
697,1774099609,2026-03-21 13:26:49,SELL,Down,0.339999829999915,2.941175,0.999999,"Bitcoin Up or Down - March 21, 9:25AM-9:30AM ET"
698,1774099609,2026-03-21 13:26:49,SELL,Down,0.34,5.0,1.7000000000000002,"Bitcoin Up or Down - March 21, 9:25AM-9:30AM ET"
699,1774099611,2026-03-21 13:26:51,BUY,Up,0.5700000061885345,72.715115,41.447616,"Bitcoin Up or Down - March 21, 9:25AM-9:30AM ET"
700,1774099611,2026-03-21 13:26:51,BUY,Up,0.58,101.0,58.58,"Bitcoin Up or Down - March 21, 9:25AM-9:30AM ET"
701,1774099611,2026-03-21 13:26:51,BUY,Down,0.29,63.925219999999996,18.538313799999997,"Ethereum Up or Down - March 21, 9:25AM-9:30AM ET"
702,1774099613,2026-03-21 13:26:53,BUY,Up,0.57,3.33,1.8981,"Bitcoin Up or Down - March 21, 9:25AM-9:30AM ET"
703,1774099613,2026-03-21 13:26:53,BUY,Up,0.5700000101186001,24.706975,14.082976,"Bitcoin Up or Down - March 21, 9:25AM-9:30AM ET"
704,1774099613,2026-03-21 13:26:53,BUY,Up,0.5700021930107457,0.232557,0.132558,"Bitcoin Up or Down - March 21, 9:25AM-9:30AM ET"
705,1774099617,2026-03-21 13:26:57,BUY,Down,0.29,36.39,10.553099999999999,"Ethereum Up or Down - March 21, 9:25AM-9:30AM ET"
706,1774099619,2026-03-21 13:26:59,BUY,Up,0.54,101.0,54.540000000000006,"Bitcoin Up or Down - March 21, 9:25AM-9:30AM ET"
707,1774099619,2026-03-21 13:26:59,BUY,Up,0.55,101.0,55.550000000000004,"Bitcoin Up or Down - March 21, 9:25AM-9:30AM ET"
708,1774099619,2026-03-21 13:26:59,BUY,Up,0.56,101.0,56.56,"Bitcoin Up or Down - March 21, 9:25AM-9:30AM ET"
709,1774099657,2026-03-21 13:27:37,BUY,Down,0.34,7.73,2.6282000000000005,"Bitcoin Up or Down - March 21, 9:25AM-9:30AM ET"
710,1774099657,2026-03-21 13:27:37,BUY,Down,0.37000000966000113,23.809521,8.809523,"Bitcoin Up or Down - March 21, 9:25AM-9:30AM ET"
711,1774099659,2026-03-21 13:27:39,BUY,Down,0.37,77.19,28.560299999999998,"Bitcoin Up or Down - March 21, 9:25AM-9:30AM ET"
712,1774099681,2026-03-21 13:28:01,BUY,Down,0.36000000083504585,47.901561,17.244562000000002,"Bitcoin Up or Down - March 21, 9:25AM-9:30AM ET"
713,1774099683,2026-03-21 13:28:03,BUY,Down,0.36,8.31,2.9916,"Bitcoin Up or Down - March 21, 9:25AM-9:30AM ET"
714,1774099683,2026-03-21 13:28:03,BUY,Down,0.36,39.12,14.083199999999998,"Bitcoin Up or Down - March 21, 9:25AM-9:30AM ET"
715,1774099683,2026-03-21 13:28:03,BUY,Down,0.36,2.66,0.9576,"Bitcoin Up or Down - March 21, 9:25AM-9:30AM ET"
716,1774099683,2026-03-21 13:28:03,BUY,Down,0.36,3.0,1.08,"Bitcoin Up or Down - March 21, 9:25AM-9:30AM ET"
717,1774099715,2026-03-21 13:28:35,BUY,Up,0.81,30.0,24.3,"Bitcoin Up or Down - March 21, 9:25AM-9:30AM ET"
718,1774099715,2026-03-21 13:28:35,BUY,Up,0.79,84.41515,66.6879685,"Bitcoin Up or Down - March 21, 9:25AM-9:30AM ET"
719,1774099715,2026-03-21 13:28:35,BUY,Up,0.81,5.0,4.050000000000001,"Bitcoin Up or Down - March 21, 9:25AM-9:30AM ET"
720,1774099715,2026-03-21 13:28:35,BUY,Up,0.81,5.0,4.050000000000001,"Bitcoin Up or Down - March 21, 9:25AM-9:30AM ET"
721,1774099715,2026-03-21 13:28:35,BUY,Up,0.7700000720202158,8.608694,6.628695,"Bitcoin Up or Down - March 21, 9:25AM-9:30AM ET"
722,1774099715,2026-03-21 13:28:35,BUY,Up,0.81,15.0,12.15,"Bitcoin Up or Down - March 21, 9:25AM-9:30AM ET"
723,1774099715,2026-03-21 13:28:35,BUY,Up,0.8,59.4769,47.581520000000005,"Bitcoin Up or Down - March 21, 9:25AM-9:30AM ET"
724,1774099715,2026-03-21 13:28:35,BUY,Up,0.81,29.82237,24.1561197,"Bitcoin Up or Down - March 21, 9:25AM-9:30AM ET"
725,1774099715,2026-03-21 13:28:35,BUY,Up,0.46699024390243904,40.36495,18.85003784560976,"Bitcoin Up or Down - March 21, 9:15AM-9:30AM ET"
726,1774099715,2026-03-21 13:28:35,BUY,Up,0.54,11.0,5.94,"Bitcoin Up or Down - March 21, 9:15AM-9:30AM ET"
727,1774099715,2026-03-21 13:28:35,BUY,Up,0.77,3.23,2.4871,"Bitcoin Up or Down - March 21, 9:25AM-9:30AM ET"
728,1774099715,2026-03-21 13:28:35,BUY,Up,0.529602529358627,10.89825,5.771740765582656,"Bitcoin Up or Down - March 21, 9:15AM-9:30AM ET"
729,1774099717,2026-03-21 13:28:37,BUY,Up,0.81,16.0,12.96,"Bitcoin Up or Down - March 21, 9:25AM-9:30AM ET"
730,1774099747,2026-03-21 13:29:07,BUY,Up,0.1400000032950194,30.348835,4.248837000000001,"Ethereum Up or Down - March 21, 9:15AM-9:30AM ET"
731,1774099747,2026-03-21 13:29:07,BUY,Up,0.13,31.89767,4.1466971,"Ethereum Up or Down - March 21, 9:15AM-9:30AM ET"
732,1774099747,2026-03-21 13:29:07,BUY,Up,0.14,1.6279,0.227906,"Ethereum Up or Down - March 21, 9:15AM-9:30AM ET"
733,1774099781,2026-03-21 13:29:41,BUY,Down,0.09,101.0,9.09,"Ethereum Up or Down - March 21, 9:25AM-9:30AM ET"
734,1774099809,2026-03-21 13:30:09,BUY,Up,0.44,7.0,3.08,"Bitcoin Up or Down - March 21, 9:30AM-9:35AM ET"
735,1774099809,2026-03-21 13:30:09,BUY,Up,0.44,18.0,7.92,"Bitcoin Up or Down - March 21, 9:30AM-9:35AM ET"
736,1774099809,2026-03-21 13:30:09,BUY,Up,0.44,18.0,7.92,"Bitcoin Up or Down - March 21, 9:30AM-9:35AM ET"
737,1774099809,2026-03-21 13:30:09,BUY,Up,0.5200000106012274,33.958332,17.658333,"Ethereum Up or Down - March 21, 9:30AM-9:35AM ET"
738,1774099809,2026-03-21 13:30:09,BUY,Up,0.4400000224000036,17.85714,7.8571420000000005,"Bitcoin Up or Down - March 21, 9:30AM-9:35AM ET"
739,1774099809,2026-03-21 13:30:09,BUY,Up,0.5200000104915489,34.313332,17.842933000000002,"Ethereum Up or Down - March 21, 9:30AM-9:35AM ET"
740,1774099809,2026-03-21 13:30:09,BUY,Up,0.4528227722772277,99.44985,45.03315677955445,"Bitcoin Up or Down - March 21, 9:30AM-9:35AM ET"
741,1774099809,2026-03-21 13:30:09,BUY,Up,0.44762376237623763,99.45632,44.51901215049505,"Bitcoin Up or Down - March 21, 9:30AM-9:35AM ET"
742,1774099819,2026-03-21 13:30:19,BUY,Down,0.34,10.88,3.6992000000000007,"Bitcoin Up or Down - March 21, 9:30AM-9:45AM ET"
743,1774099819,2026-03-21 13:30:19,BUY,Down,0.23,2.99,0.6877000000000001,"Ethereum Up or Down - March 21, 9:30AM-9:35AM ET"
744,1774099819,2026-03-21 13:30:19,BUY,Down,0.2300000130666712,10.714282,2.4642850000000003,"Ethereum Up or Down - March 21, 9:30AM-9:35AM ET"
745,1774099819,2026-03-21 13:30:19,BUY,Down,0.2300000036806885,27.16883,6.248831,"Ethereum Up or Down - March 21, 9:30AM-9:35AM ET"
746,1774099819,2026-03-21 13:30:19,BUY,Down,0.23,40.0,9.200000000000001,"Ethereum Up or Down - March 21, 9:30AM-9:35AM ET"
747,1774099821,2026-03-21 13:30:21,BUY,Down,0.34,5.26,1.7884,"Bitcoin Up or Down - March 21, 9:30AM-9:45AM ET"
748,1774099821,2026-03-21 13:30:21,BUY,Down,0.3400000087562195,18.272726,6.212726999999999,"Bitcoin Up or Down - March 21, 9:30AM-9:45AM ET"
749,1774099821,2026-03-21 13:30:21,BUY,Down,0.29000000426000033,35.211265,10.211267,"Bitcoin Up or Down - March 21, 9:30AM-9:35AM ET"
750,1774099821,2026-03-21 13:30:21,BUY,Down,0.29,8.44,2.4475999999999996,"Bitcoin Up or Down - March 21, 9:30AM-9:35AM ET"
751,1774099821,2026-03-21 13:30:21,BUY,Down,0.2900000427314888,6.084506,1.7645070000000003,"Bitcoin Up or Down - March 21, 9:30AM-9:35AM ET"
752,1774099821,2026-03-21 13:30:21,BUY,Down,0.22,14.12,3.1064,"Ethereum Up or Down - March 21, 9:30AM-9:35AM ET"
753,1774099821,2026-03-21 13:30:21,BUY,Down,0.22,4.935,1.0856999999999999,"Ethereum Up or Down - March 21, 9:30AM-9:35AM ET"
754,1774099821,2026-03-21 13:30:21,BUY,Down,0.22000000647303167,9.269227,2.03923,"Ethereum Up or Down - March 21, 9:30AM-9:35AM ET"
755,1774099821,2026-03-21 13:30:21,BUY,Down,0.32,1.191175,0.381176,"Bitcoin Up or Down - March 21, 9:30AM-9:45AM ET"
756,1774099821,2026-03-21 13:30:21,BUY,Up,0.64,101.0,64.64,"Bitcoin Up or Down - March 21, 9:30AM-9:35AM ET"
757,1774099821,2026-03-21 13:30:21,BUY,Up,0.65,101.0,65.65,"Bitcoin Up or Down - March 21, 9:30AM-9:35AM ET"
758,1774099821,2026-03-21 13:30:21,BUY,Up,0.66,101.0,66.66,"Bitcoin Up or Down - March 21, 9:30AM-9:35AM ET"
759,1774099821,2026-03-21 13:30:21,BUY,Up,0.67,101.0,67.67,"Bitcoin Up or Down - March 21, 9:30AM-9:35AM ET"
760,1774099821,2026-03-21 13:30:21,BUY,Up,0.68,101.0,68.68,"Bitcoin Up or Down - March 21, 9:30AM-9:35AM ET"
761,1774099821,2026-03-21 13:30:21,BUY,Down,0.29,5.64,1.6355999999999997,"Bitcoin Up or Down - March 21, 9:30AM-9:35AM ET"
762,1774099821,2026-03-21 13:30:21,BUY,Down,0.3000000179487198,11.142856,3.342857,"Bitcoin Up or Down - March 21, 9:30AM-9:35AM ET"
763,1774099821,2026-03-21 13:30:21,BUY,Down,0.29,4.45,1.2905,"Bitcoin Up or Down - March 21, 9:30AM-9:35AM ET"
764,1774099821,2026-03-21 13:30:21,BUY,Down,0.3,10.55,3.165,"Bitcoin Up or Down - March 21, 9:30AM-9:35AM ET"
765,1774099821,2026-03-21 13:30:21,BUY,Down,0.31,39.44,12.2264,"Bitcoin Up or Down - March 21, 9:30AM-9:35AM ET"
766,1774099821,2026-03-21 13:30:21,BUY,Down,0.22,3.0,0.66,"Ethereum Up or Down - March 21, 9:30AM-9:35AM ET"
767,1774099821,2026-03-21 13:30:21,BUY,Down,0.3,10.0,3.0,"Bitcoin Up or Down - March 21, 9:30AM-9:35AM ET"
768,1774099821,2026-03-21 13:30:21,BUY,Down,0.31,50.5,15.655,"Bitcoin Up or Down - March 21, 9:30AM-9:35AM ET"
769,1774099821,2026-03-21 13:30:21,BUY,Down,0.3,10.42857,3.128571,"Bitcoin Up or Down - March 21, 9:30AM-9:35AM ET"
770,1774099821,2026-03-21 13:30:21,BUY,Down,0.3,11.0,3.3,"Bitcoin Up or Down - March 21, 9:30AM-9:35AM ET"
771,1774099821,2026-03-21 13:30:21,BUY,Down,0.3,1.7,0.51,"Bitcoin Up or Down - March 21, 9:30AM-9:35AM ET"
772,1774099821,2026-03-21 13:30:21,BUY,Down,0.3,5.16857,1.550571,"Bitcoin Up or Down - March 21, 9:30AM-9:35AM ET"
773,1774099821,2026-03-21 13:30:21,BUY,Down,0.3,41.0,12.299999999999999,"Bitcoin Up or Down - March 21, 9:30AM-9:35AM ET"
774,1774099821,2026-03-21 13:30:21,BUY,Down,0.22000000630940403,12.679486,2.7894870000000003,"Ethereum Up or Down - March 21, 9:30AM-9:35AM ET"
775,1774099821,2026-03-21 13:30:21,BUY,Down,0.22,15.0,3.3,"Ethereum Up or Down - March 21, 9:30AM-9:35AM ET"
776,1774099821,2026-03-21 13:30:21,BUY,Down,0.3300000806482131,1.611939,0.53194,"Bitcoin Up or Down - March 21, 9:30AM-9:45AM ET"
777,1774099821,2026-03-21 13:30:21,BUY,Down,0.3300000167500045,10.149251,3.349253,"Bitcoin Up or Down - March 21, 9:30AM-9:45AM ET"
778,1774099821,2026-03-21 13:30:21,BUY,Down,0.22000001683453504,7.128204,1.568205,"Ethereum Up or Down - March 21, 9:30AM-9:35AM ET"
779,1774099821,2026-03-21 13:30:21,BUY,Down,0.33,13.74,4.5342,"Bitcoin Up or Down - March 21, 9:30AM-9:45AM ET"
780,1774099821,2026-03-21 13:30:21,BUY,Down,0.2200000223566908,8.051281,1.7712819999999998,"Ethereum Up or Down - March 21, 9:30AM-9:35AM ET"
781,1774099821,2026-03-21 13:30:21,BUY,Down,0.31,11.06,3.4286000000000003,"Bitcoin Up or Down - March 21, 9:30AM-9:35AM ET"
782,1774099821,2026-03-21 13:30:21,BUY,Down,0.22,12.0,2.64,"Ethereum Up or Down - March 21, 9:30AM-9:35AM ET"
783,1774099821,2026-03-21 13:30:21,BUY,Down,0.2200000040837712,9.794868,2.154871,"Ethereum Up or Down - March 21, 9:30AM-9:35AM ET"
784,1774099821,2026-03-21 13:30:21,BUY,Down,0.33,25.0,8.25,"Bitcoin Up or Down - March 21, 9:30AM-9:45AM ET"
785,1774099821,2026-03-21 13:30:21,BUY,Down,0.33,6.49,2.1417,"Bitcoin Up or Down - March 21, 9:30AM-9:45AM ET"
786,1774099821,2026-03-21 13:30:21,BUY,Down,0.34000000920930307,32.575755,11.075757000000001,"Bitcoin Up or Down - March 21, 9:30AM-9:45AM ET"
787,1774099821,2026-03-21 13:30:21,BUY,Down,0.33,10.0,3.3000000000000003,"Bitcoin Up or Down - March 21, 9:30AM-9:45AM ET"
788,1774099821,2026-03-21 13:30:21,BUY,Down,0.22,5.0,1.1,"Ethereum Up or Down - March 21, 9:30AM-9:35AM ET"
789,1774099821,2026-03-21 13:30:21,BUY,Down,0.23000001680000268,7.142856,1.642857,"Ethereum Up or Down - March 21, 9:30AM-9:35AM ET"
790,1774099821,2026-03-21 13:30:21,BUY,Down,0.23000001388778088,12.961034,2.9810380000000003,"Ethereum Up or Down - March 21, 9:30AM-9:35AM ET"
791,1774099823,2026-03-21 13:30:23,BUY,Down,0.29,2.8169,0.8169009999999999,"Bitcoin Up or Down - March 21, 9:30AM-9:35AM ET"
792,1774099823,2026-03-21 13:30:23,BUY,Down,0.32,5.88235,1.882352,"Bitcoin Up or Down - March 21, 9:30AM-9:45AM ET"
793,1774099823,2026-03-21 13:30:23,BUY,Down,0.32,7.35,2.352,"Bitcoin Up or Down - March 21, 9:30AM-9:45AM ET"
794,1774099823,2026-03-21 13:30:23,BUY,Down,0.32000002045112974,11.735293,3.7552939999999997,"Bitcoin Up or Down - March 21, 9:30AM-9:45AM ET"
795,1774099823,2026-03-21 13:30:23,BUY,Down,0.29,10.8,3.132,"Bitcoin Up or Down - March 21, 9:30AM-9:35AM ET"
796,1774099823,2026-03-21 13:30:23,BUY,Down,0.32,2.941175,0.941176,"Bitcoin Up or Down - March 21, 9:30AM-9:45AM ET"
797,1774099823,2026-03-21 13:30:23,BUY,Down,0.29000000443750024,22.53521,6.535210999999999,"Bitcoin Up or Down - March 21, 9:30AM-9:35AM ET"
798,1774099823,2026-03-21 13:30:23,BUY,Down,0.29,5.0,1.45,"Bitcoin Up or Down - March 21, 9:30AM-9:35AM ET"
799,1774099825,2026-03-21 13:30:25,BUY,Down,0.3200001088000914,1.470587,0.470588,"Bitcoin Up or Down - March 21, 9:30AM-9:45AM ET"
800,1774099827,2026-03-21 13:30:27,BUY,Down,0.17,4.3,0.731,"Ethereum Up or Down - March 21, 9:30AM-9:35AM ET"
801,1774099827,2026-03-21 13:30:27,BUY,Down,0.17,6.28,1.0676,"Ethereum Up or Down - March 21, 9:30AM-9:35AM ET"
802,1774099845,2026-03-21 13:30:45,BUY,Up,0.62,101.0,62.62,"Bitcoin Up or Down - March 21, 9:30AM-9:35AM ET"
803,1774099845,2026-03-21 13:30:45,BUY,Up,0.63,101.0,63.63,"Bitcoin Up or Down - March 21, 9:30AM-9:35AM ET"
804,1774099845,2026-03-21 13:30:45,BUY,Up,0.64,101.0,64.64,"Bitcoin Up or Down - March 21, 9:30AM-9:35AM ET"
805,1774099845,2026-03-21 13:30:45,BUY,Up,0.65,101.0,65.65,"Bitcoin Up or Down - March 21, 9:30AM-9:35AM ET"
806,1774099849,2026-03-21 13:30:49,BUY,Down,0.17,61.5,10.455,"Ethereum Up or Down - March 21, 9:30AM-9:35AM ET"
807,1774099849,2026-03-21 13:30:49,BUY,Down,0.17,25.0,4.25,"Ethereum Up or Down - March 21, 9:30AM-9:35AM ET"
808,1774099849,2026-03-21 13:30:49,BUY,Down,0.17,9.0,1.53,"Ethereum Up or Down - March 21, 9:30AM-9:35AM ET"
809,1774099849,2026-03-21 13:30:49,BUY,Down,0.17000001820177393,5.49397,0.9339749999999999,"Ethereum Up or Down - March 21, 9:30AM-9:35AM ET"
810,1774099875,2026-03-21 13:31:15,BUY,Down,0.1700000033200013,12.048188,2.048192,"Bitcoin Up or Down - March 21, 9:30AM-9:35AM ET"
811,1774099875,2026-03-21 13:31:15,BUY,Down,0.17,2.32,0.39440000000000003,"Bitcoin Up or Down - March 21, 9:30AM-9:35AM ET"
812,1774099875,2026-03-21 13:31:15,BUY,Down,0.1700000033200013,6.024094,1.024096,"Bitcoin Up or Down - March 21, 9:30AM-9:35AM ET"
813,1774099875,2026-03-21 13:31:15,BUY,Down,0.17000000594301717,1.682647,0.28605,"Bitcoin Up or Down - March 21, 9:30AM-9:35AM ET"
814,1774099875,2026-03-21 13:31:15,BUY,Down,0.17000000249000036,24.096382,4.096385,"Bitcoin Up or Down - March 21, 9:30AM-9:35AM ET"
815,1774099875,2026-03-21 13:31:15,BUY,Down,0.1700000442667381,3.614452,0.614457,"Bitcoin Up or Down - March 21, 9:30AM-9:35AM ET"
816,1774099875,2026-03-21 13:31:15,BUY,Down,0.1700000033200013,12.048188,2.048192,"Bitcoin Up or Down - March 21, 9:30AM-9:35AM ET"
817,1774099877,2026-03-21 13:31:17,BUY,Down,0.1600000023283963,51.537618,8.246019,"Bitcoin Up or Down - March 21, 9:30AM-9:35AM ET"
818,1774099877,2026-03-21 13:31:17,BUY,Down,0.16,21.5,3.44,"Bitcoin Up or Down - March 21, 9:30AM-9:35AM ET"
819,1774099877,2026-03-21 13:31:17,BUY,Down,0.16,5.05,0.8079999999999999,"Bitcoin Up or Down - March 21, 9:30AM-9:35AM ET"
820,1774099877,2026-03-21 13:31:17,BUY,Down,0.17,39.14,6.6538,"Bitcoin Up or Down - March 21, 9:30AM-9:35AM ET"
821,1774099877,2026-03-21 13:31:17,BUY,Down,0.16,11.0,1.76,"Bitcoin Up or Down - March 21, 9:30AM-9:35AM ET"
822,1774099879,2026-03-21 13:31:19,BUY,Down,0.09000000068250016,43.956033,3.9560429999999998,"Ethereum Up or Down - March 21, 9:30AM-9:35AM ET"
823,1774099879,2026-03-21 13:31:19,BUY,Down,0.16000000336000167,11.904756,1.9047610000000001,"Bitcoin Up or Down - March 21, 9:30AM-9:35AM ET"
824,1774099881,2026-03-21 13:31:21,BUY,Down,0.08,101.0,8.08,"Ethereum Up or Down - March 21, 9:30AM-9:35AM ET"
825,1774099883,2026-03-21 13:31:23,BUY,Up,0.75,67.0,50.25,"Bitcoin Up or Down - March 21, 9:30AM-9:45AM ET"
826,1774099887,2026-03-21 13:31:27,BUY,Down,0.12,1.86,0.2232,"Bitcoin Up or Down - March 21, 9:30AM-9:35AM ET"
827,1774099887,2026-03-21 13:31:27,BUY,Down,0.12,40.0,4.8,"Bitcoin Up or Down - March 21, 9:30AM-9:35AM ET"
828,1774099887,2026-03-21 13:31:27,BUY,Down,0.12,48.0,5.76,"Bitcoin Up or Down - March 21, 9:30AM-9:35AM ET"
829,1774099887,2026-03-21 13:31:27,BUY,Down,0.12000003520017459,1.136358,0.13636299999999998,"Bitcoin Up or Down - March 21, 9:30AM-9:35AM ET"
830,1774099887,2026-03-21 13:31:27,BUY,Down,0.12,10.0,1.2,"Bitcoin Up or Down - March 21, 9:30AM-9:35AM ET"
831,1774099887,2026-03-21 13:31:27,BUY,Down,0.13,21.68,2.8184,"Bitcoin Up or Down - March 21, 9:30AM-9:35AM ET"
832,1774099887,2026-03-21 13:31:27,BUY,Down,0.13000000037822307,79.318269,10.311375,"Bitcoin Up or Down - March 21, 9:30AM-9:35AM ET"
