timestamp,side,outcome,price,size,usdc,market
2026-03-19 22:32:45.000,BUY,Up,0.27,100,0,"Bitcoin Up or Down - March 19, 6:30PM-6:35PM ET"
2026-03-19 22:32:43.000,BUY,Up,0.39,118.30211,0,"Bitcoin Up or Down - March 19, 6:30PM-6:35PM ET"
2026-03-19 22:32:41.000,BUY,Up,0.39,100,0,"Bitcoin Up or Down - March 19, 6:30PM-6:35PM ET"
2026-03-19 22:32:41.000,BUY,Down,0.38,4.93062,0,"Ethereum Up or Down - March 19, 6:30PM-6:35PM ET"
2026-03-19 22:32:35.000,BUY,Up,0.24000001388990652,14.398945,0,"Bitcoin Up or Down - March 19, 6:30PM-6:35PM ET"
2026-03-19 22:32:35.000,BUY,Up,0.24,44.95,0,"Bitcoin Up or Down - March 19, 6:30PM-6:35PM ET"
2026-03-19 22:32:35.000,BUY,Up,0.24000009120017146,1.315787,0,"Bitcoin Up or Down - March 19, 6:30PM-6:35PM ET"
2026-03-19 22:32:35.000,BUY,Up,0.24,35.13,0,"Bitcoin Up or Down - March 19, 6:30PM-6:35PM ET"
2026-03-19 22:32:35.000,BUY,Up,0.24000003811914425,4.197366,0,"Bitcoin Up or Down - March 19, 6:30PM-6:35PM ET"
2026-03-19 22:32:33.000,BUY,Up,0.24,16.511519999999997,0,"Bitcoin Up or Down - March 19, 6:30PM-6:35PM ET"
2026-03-19 22:32:33.000,BUY,Up,0.44,12.52694,0,"Ethereum Up or Down - March 19, 6:30PM-6:35PM ET"
2026-03-19 22:32:29.000,BUY,Down,0.7099999536452596,12.806479999999999,0,"XRP Up or Down - March 19, 6:30PM-6:35PM ET"
2026-03-19 22:32:27.000,BUY,Up,0.7124596369645229,50.693461,0,"Ethereum Up or Down - March 19, 6:30PM-6:35PM ET"
2026-03-19 22:32:25.000,BUY,Up,0.34,26,0,"Bitcoin Up or Down - March 19, 6:30PM-6:35PM ET"
2026-03-19 22:32:25.000,BUY,Up,0.34,5,0,"Bitcoin Up or Down - March 19, 6:30PM-6:35PM ET"
2026-03-19 22:32:25.000,BUY,Up,0.34,5,0,"Bitcoin Up or Down - March 19, 6:30PM-6:35PM ET"
2026-03-19 22:32:25.000,BUY,Up,0.34,9,0,"Bitcoin Up or Down - March 19, 6:30PM-6:35PM ET"
2026-03-19 22:32:25.000,BUY,Up,0.34,40,0,"Bitcoin Up or Down - March 19, 6:30PM-6:35PM ET"
2026-03-19 22:32:25.000,BUY,Up,0.34,5,0,"Bitcoin Up or Down - March 19, 6:30PM-6:35PM ET"
2026-03-19 22:32:25.000,BUY,Up,0.34,5,0,"Bitcoin Up or Down - March 19, 6:30PM-6:35PM ET"
2026-03-19 22:32:25.000,BUY,Up,0.34,5,0,"Bitcoin Up or Down - March 19, 6:30PM-6:35PM ET"
2026-03-19 22:32:21.000,BUY,Up,0.63,47.34798,0,"Ethereum Up or Down - March 19, 6:30PM-6:35PM ET"
2026-03-19 22:32:21.000,BUY,Up,0.36,0.2,0,"Bitcoin Up or Down - March 19, 6:30PM-6:35PM ET"
2026-03-19 22:32:19.000,BUY,Up,0.64,35.22623,0,"Ethereum Up or Down - March 19, 6:30PM-6:35PM ET"
2026-03-19 22:32:17.000,BUY,Down,0.7,20.175089999999997,0,"Bitcoin Up or Down - March 19, 6:30PM-6:35PM ET"
2026-03-19 22:32:17.000,BUY,Up,0.28,40.14,0,"Bitcoin Up or Down - March 19, 6:30PM-6:35PM ET"
2026-03-19 22:32:15.000,BUY,Up,0.57,1.39868,0,"Ethereum Up or Down - March 19, 6:30PM-6:35PM ET"
2026-03-19 22:32:15.000,BUY,Up,0.5289874176153385,16.430970000000002,0,"Ethereum Up or Down - March 19, 6:30PM-6:35PM ET"
2026-03-19 22:32:13.000,BUY,Up,0.48,10.16911,0,"Ethereum Up or Down - March 19, 6:30PM-6:35PM ET"
2026-03-19 22:32:13.000,BUY,Up,0.47,3.93795,0,"Ethereum Up or Down - March 19, 6:30PM-6:35PM ET"
2026-03-19 22:32:11.000,BUY,Down,0.8,19.61118,0,"Bitcoin Up or Down - March 19, 6:30PM-6:35PM ET"
2026-03-19 22:32:11.000,BUY,Down,0.8,98.04348,0,"Bitcoin Up or Down - March 19, 6:30PM-6:35PM ET"
2026-03-19 22:32:09.000,BUY,Up,0.4100019571048663,0.173726,0,"Ethereum Up or Down - March 19, 6:30PM-6:35PM ET"
2026-03-19 22:32:07.000,BUY,Down,0.72,4.9492,0,"Ethereum Up or Down - March 19, 6:30PM-6:35PM ET"
2026-03-19 22:32:05.000,BUY,Up,0.13,101.67382,0,"Bitcoin Up or Down - March 19, 6:30PM-6:35PM ET"
2026-03-19 22:32:05.000,BUY,Up,0.12000001310499839,6.104541,0,"Bitcoin Up or Down - March 19, 6:30PM-6:35PM ET"
2026-03-19 22:32:05.000,BUY,Up,0.12,6,0,"Bitcoin Up or Down - March 19, 6:30PM-6:35PM ET"
2026-03-19 22:32:05.000,BUY,Up,0.3,21.75745,0,"Ethereum Up or Down - March 19, 6:30PM-6:35PM ET"
2026-03-19 22:32:05.000,BUY,Up,0.2800001440004032,1.388885,0,"Ethereum Up or Down - March 19, 6:30PM-6:35PM ET"
2026-03-19 22:32:05.000,BUY,Up,0.28,0.48,0,"Ethereum Up or Down - March 19, 6:30PM-6:35PM ET"
2026-03-19 22:32:03.000,BUY,Up,0.38,5,0,"Ethereum Up or Down - March 19, 6:30PM-6:35PM ET"
2026-03-19 22:31:59.000,BUY,Up,0.3700000117424137,25.54841,0,"Ethereum Up or Down - March 19, 6:30PM-6:35PM ET"
2026-03-19 22:31:57.000,BUY,Up,0.4,3.15,0,"Ethereum Up or Down - March 19, 6:30PM-6:35PM ET"
2026-03-19 22:31:55.000,BUY,Up,0.37,0.42,0,"Ethereum Up or Down - March 19, 6:30PM-6:35PM ET"
2026-03-19 22:31:55.000,BUY,Up,0.37,5,0,"Ethereum Up or Down - March 19, 6:30PM-6:35PM ET"
2026-03-19 22:31:55.000,BUY,Down,0.8299999961093738,15.344932,0,"Bitcoin Up or Down - March 19, 6:30PM-6:35PM ET"
2026-03-19 22:31:55.000,BUY,Down,0.829999999338821,90.295312,0,"Bitcoin Up or Down - March 19, 6:30PM-6:35PM ET"
2026-03-19 22:31:53.000,BUY,Up,0.37,0.55,0,"Ethereum Up or Down - March 19, 6:30PM-6:35PM ET"
2026-03-19 22:31:53.000,BUY,Up,0.37000000966000113,23.809521,0,"Ethereum Up or Down - March 19, 6:30PM-6:35PM ET"
2026-03-19 22:31:53.000,BUY,Up,0.37,20.22,0,"Ethereum Up or Down - March 19, 6:30PM-6:35PM ET"
2026-03-19 22:31:45.000,BUY,Up,0.14,1.31395,0,"Bitcoin Up or Down - March 19, 6:30PM-6:35PM ET"
2026-03-19 22:31:45.000,BUY,Up,0.14,89.43,0,"Bitcoin Up or Down - March 19, 6:30PM-6:35PM ET"
2026-03-19 22:31:41.000,BUY,Up,0.33,49,0,"Ethereum Up or Down - March 19, 6:30PM-6:35PM ET"
2026-03-19 22:31:19.000,BUY,Down,0.8242933432942577,10.511213,0,"XRP Up or Down - March 19, 6:30PM-6:35PM ET"
2026-03-19 22:31:19.000,BUY,Up,0.23,15,0,"Ethereum Up or Down - March 19, 6:30PM-6:35PM ET"
2026-03-19 22:31:17.000,BUY,Down,0.84,6.25,0,"Bitcoin Up or Down - March 19, 6:30PM-6:35PM ET"
2026-03-19 22:31:17.000,BUY,Down,0.84,12.5,0,"Bitcoin Up or Down - March 19, 6:30PM-6:35PM ET"
2026-03-19 22:31:17.000,BUY,Down,0.84,41.25,0,"Bitcoin Up or Down - March 19, 6:30PM-6:35PM ET"
2026-03-19 22:31:17.000,BUY,Down,0.84,40,0,"Bitcoin Up or Down - March 19, 6:30PM-6:35PM ET"
2026-03-19 22:31:13.000,BUY,Up,0.09,100,0,"Bitcoin Up or Down - March 19, 6:30PM-6:35PM ET"
2026-03-19 22:31:05.000,BUY,Up,0.18,5,0,"Ethereum Up or Down - March 19, 6:30PM-6:35PM ET"
2026-03-19 22:31:03.000,BUY,Down,0.8599999871401823,6.198388,0,"Solana Up or Down - March 19, 6:30PM-6:35PM ET"
2026-03-19 22:30:59.000,BUY,Up,0.18,26.64,0,"Ethereum Up or Down - March 19, 6:30PM-6:35PM ET"
2026-03-19 22:30:57.000,BUY,Down,0.8299999806976637,6.185924,0,"Solana Up or Down - March 19, 6:30PM-6:35PM ET"
2026-03-19 22:30:47.000,BUY,Down,0.7961632855245085,5.5150749999999995,0,"Solana Up or Down - March 19, 6:30PM-6:35PM ET"
2026-03-19 22:30:47.000,BUY,Down,0.7703910386082268,142.23438800000002,0,"Ethereum Up or Down - March 19, 6:30PM-6:35PM ET"
2026-03-19 22:30:47.000,BUY,Down,0.8099999965966379,5.841752,0,"XRP Up or Down - March 19, 6:30PM-6:35PM ET"
2026-03-19 22:30:45.000,BUY,Down,0.82,5.96733,0,"XRP Up or Down - March 19, 6:30PM-6:35PM ET"
2026-03-19 22:30:45.000,BUY,Down,0.78,4.9632,0,"Solana Up or Down - March 19, 6:30PM-6:35PM ET"
2026-03-19 22:30:43.000,BUY,Down,0.65,1.3128,0,"Solana Up or Down - March 19, 6:30PM-6:35PM ET"
2026-03-19 22:30:41.000,BUY,Up,0.37,4.93209,0,"Solana Up or Down - March 19, 6:30PM-6:35PM ET"
2026-03-19 22:30:31.000,,,0,89.517562,0,"XRP Up or Down - March 19, 6:20PM-6:25PM ET"
2026-03-19 22:30:31.000,,,0,44.008111,0,"Solana Up or Down - March 19, 6:20PM-6:25PM ET"
2026-03-19 22:30:25.000,BUY,Down,0.61,5.2,0,"Ethereum Up or Down - March 19, 6:30PM-6:35PM ET"
2026-03-19 22:30:23.000,BUY,Down,0.5899999980718948,5.110569,0,"XRP Up or Down - March 19, 6:30PM-6:35PM ET"
2026-03-19 22:30:23.000,BUY,Down,0.56,10.95615,0,"XRP Up or Down - March 19, 6:30PM-6:35PM ET"
2026-03-19 22:30:23.000,BUY,Down,0.65,4.1160499999999995,0,"XRP Up or Down - March 19, 6:30PM-6:35PM ET"
2026-03-19 22:30:23.000,BUY,Down,0.5699999619153531,7.75889,0,"Solana Up or Down - March 19, 6:30PM-6:35PM ET"
2026-03-19 22:30:23.000,BUY,Down,0.56,4.74685,0,"Solana Up or Down - March 19, 6:30PM-6:35PM ET"
2026-03-19 22:30:21.000,BUY,Down,0.5099999700765248,7.566273,0,"Bitcoin Up or Down - March 19, 6:30PM-6:35PM ET"
2026-03-19 22:30:17.000,BUY,Down,0.54,13.7,0,"Bitcoin Up or Down - March 19, 6:30PM-6:35PM ET"
2026-03-19 22:30:17.000,BUY,Down,0.53,78.23721,0,"Bitcoin Up or Down - March 19, 6:30PM-6:35PM ET"
2026-03-19 22:30:17.000,BUY,Up,0.44,5.74,0,"Bitcoin Up or Down - March 19, 6:30PM-6:35PM ET"
2026-03-19 22:30:17.000,BUY,Down,0.53,9.86,0,"Bitcoin Up or Down - March 19, 6:30PM-6:35PM ET"
2026-03-19 22:30:17.000,BUY,Down,0.53,5,0,"Bitcoin Up or Down - March 19, 6:30PM-6:35PM ET"
2026-03-19 22:30:17.000,BUY,Down,0.54,40,0,"Bitcoin Up or Down - March 19, 6:30PM-6:35PM ET"
2026-03-19 22:30:17.000,BUY,Down,0.5499999909539446,5.4426309999999996,0,"XRP Up or Down - March 19, 6:30PM-6:35PM ET"
2026-03-19 22:30:11.000,BUY,Down,0.5300001222000904,2.127658,0,"Bitcoin Up or Down - March 19, 6:30PM-6:35PM ET"
2026-03-19 22:30:11.000,BUY,Down,0.5300001196364419,2.340424,0,"Bitcoin Up or Down - March 19, 6:30PM-6:35PM ET"
2026-03-19 22:30:11.000,BUY,Down,0.5517255669770331,203.46469299999998,0,"Bitcoin Up or Down - March 19, 6:30PM-6:35PM ET"
2026-03-19 22:30:11.000,BUY,Down,0.54,5,0,"Ethereum Up or Down - March 19, 6:30PM-6:35PM ET"
2026-03-19 22:30:11.000,BUY,Up,0.44000004881120314,7.375356,0,"Bitcoin Up or Down - March 19, 6:30PM-6:35PM ET"
2026-03-19 22:30:09.000,BUY,Down,0.55,100,0,"Bitcoin Up or Down - March 19, 6:30PM-6:35PM ET"
2026-03-19 22:30:09.000,BUY,Up,0.469999963476478,10.242863999999999,0,"Solana Up or Down - March 19, 6:30PM-6:35PM ET"
2026-03-19 22:30:09.000,BUY,Down,0.54,46.3,0,"Bitcoin Up or Down - March 19, 6:30PM-6:35PM ET"
2026-03-19 22:30:01.000,BUY,Up,0.05,50,0,"Ethereum Up or Down - March 19, 6:25PM-6:30PM ET"
2026-03-19 22:30:01.000,BUY,Up,0.06,30,0,"Ethereum Up or Down - March 19, 6:25PM-6:30PM ET"
2026-03-19 22:29:59.000,BUY,Up,0.06,1.94,0,"Ethereum Up or Down - March 19, 6:25PM-6:30PM ET"
2026-03-19 22:29:59.000,BUY,Up,0.06,7.07,0,"Ethereum Up or Down - March 19, 6:25PM-6:30PM ET"
2026-03-19 22:29:59.000,BUY,Up,0.06,5.99,0,"Ethereum Up or Down - March 19, 6:25PM-6:30PM ET"
2026-03-19 22:29:59.000,BUY,Up,0.06000000400273547,4.996583,0,"Ethereum Up or Down - March 19, 6:25PM-6:30PM ET"
2026-03-19 22:29:57.000,BUY,Down,0.8,117.99,0,"Bitcoin Up or Down - March 19, 6:25PM-6:30PM ET"
2026-03-19 22:29:57.000,BUY,Down,0.96,13.06809,0,"Solana Up or Down - March 19, 6:25PM-6:30PM ET"
2026-03-19 22:29:57.000,BUY,Down,0.96,5.362605,0,"Solana Up or Down - March 19, 6:25PM-6:30PM ET"
2026-03-19 22:29:57.000,BUY,Down,0.6999999870490278,15.272606000000001,0,"Solana Up or Down - March 19, 6:25PM-6:30PM ET"
2026-03-19 22:29:57.000,BUY,Down,0.01,219.99461,0,"Ethereum Up or Down - March 19, 6:25PM-6:30PM ET"
2026-03-19 22:29:57.000,BUY,Down,0.01,221.99457,0,"Ethereum Up or Down - March 19, 6:25PM-6:30PM ET"
2026-03-19 22:29:55.000,BUY,Up,0.5800000207042262,27.047618,0,"Bitcoin Up or Down - March 19, 6:25PM-6:30PM ET"
2026-03-19 22:29:55.000,BUY,Up,0.58,30.65,0,"Bitcoin Up or Down - March 19, 6:25PM-6:30PM ET"
2026-03-19 22:29:55.000,BUY,Up,0.5800000105793461,18.90476,0,"Bitcoin Up or Down - March 19, 6:25PM-6:30PM ET"
2026-03-19 22:29:53.000,BUY,Up,0.5800000085507504,23.38976,0,"Bitcoin Up or Down - March 19, 6:25PM-6:30PM ET"
2026-03-19 22:29:43.000,BUY,Up,0.4100000013681081,29.237456,0,"Bitcoin Up or Down - March 19, 6:25PM-6:30PM ET"
2026-03-19 22:29:43.000,BUY,Up,0.4100000133733348,25.423726,0,"Bitcoin Up or Down - March 19, 6:25PM-6:30PM ET"
2026-03-19 22:29:41.000,BUY,Down,0.65,4.85634,0,"Solana Up or Down - March 19, 6:25PM-6:30PM ET"
2026-03-19 22:29:41.000,BUY,Down,0.609999962653055,7.127217,0,"Solana Up or Down - March 19, 6:25PM-6:30PM ET"
2026-03-19 22:29:39.000,BUY,Down,0.58,29.52,0,"Bitcoin Up or Down - March 19, 6:25PM-6:30PM ET"
2026-03-19 22:29:37.000,BUY,Down,0.58,2.82,0,"Bitcoin Up or Down - March 19, 6:25PM-6:30PM ET"
2026-03-19 22:29:37.000,BUY,Down,0.5800000958695954,4.380951,0,"Bitcoin Up or Down - March 19, 6:25PM-6:30PM ET"
2026-03-19 22:29:37.000,BUY,Down,0.59,61.0536,0,"Bitcoin Up or Down - March 19, 6:25PM-6:30PM ET"
2026-03-19 22:29:37.000,BUY,Down,0.59,120.54044999999999,0,"Bitcoin Up or Down - March 19, 6:25PM-6:30PM ET"
2026-03-19 22:29:37.000,BUY,Down,0.5800000546000202,4.761903,0,"Bitcoin Up or Down - March 19, 6:25PM-6:30PM ET"
2026-03-19 22:29:37.000,BUY,Down,0.5800001073333655,4.285713,0,"Bitcoin Up or Down - March 19, 6:25PM-6:30PM ET"
2026-03-19 22:29:37.000,BUY,Down,0.5800000952000419,3.571427,0,"Bitcoin Up or Down - March 19, 6:25PM-6:30PM ET"
2026-03-19 22:29:35.000,BUY,Down,0.5800000261333376,10.714284,0,"Bitcoin Up or Down - March 19, 6:25PM-6:30PM ET"
2026-03-19 22:29:35.000,BUY,Down,0.5800001059813312,5.095237,0,"Bitcoin Up or Down - March 19, 6:25PM-6:30PM ET"
2026-03-19 22:29:35.000,BUY,Down,0.5800000073149496,32.809522,0,"Bitcoin Up or Down - March 19, 6:25PM-6:30PM ET"
2026-03-19 22:29:35.000,BUY,Down,0.6,11.350835,0,"Solana Up or Down - March 19, 6:25PM-6:30PM ET"
2026-03-19 22:29:35.000,BUY,Down,0.58,2,0,"Bitcoin Up or Down - March 19, 6:25PM-6:30PM ET"
2026-03-19 22:29:35.000,BUY,Down,0.55,50,0,"Bitcoin Up or Down - March 19, 6:25PM-6:30PM ET"
2026-03-19 22:29:35.000,BUY,Up,0.45,187.53343999999998,0,"Bitcoin Up or Down - March 19, 6:25PM-6:30PM ET"
2026-03-19 22:29:35.000,BUY,Down,0.57,2.33441,0,"Bitcoin Up or Down - March 19, 6:25PM-6:30PM ET"
2026-03-19 22:29:35.000,BUY,Up,0.3699999805615917,14.716267,0,"Solana Up or Down - March 19, 6:25PM-6:30PM ET"
2026-03-19 22:29:35.000,BUY,Down,0.55,50,0,"Bitcoin Up or Down - March 19, 6:25PM-6:30PM ET"
2026-03-19 22:29:35.000,BUY,Up,0.3699998945595609,5.145365,0,"Solana Up or Down - March 19, 6:25PM-6:30PM ET"
2026-03-19 22:29:33.000,BUY,Down,0.030000000308720746,32.391733,0,"Ethereum Up or Down - March 19, 6:25PM-6:30PM ET"
2026-03-19 22:29:31.000,BUY,Up,0.43,100,0,"Bitcoin Up or Down - March 19, 6:25PM-6:30PM ET"
2026-03-19 22:29:29.000,BUY,Down,0.54,1.75,0,"Bitcoin Up or Down - March 19, 6:25PM-6:30PM ET"
2026-03-19 22:29:29.000,BUY,Down,0.54,1.49,0,"Bitcoin Up or Down - March 19, 6:25PM-6:30PM ET"
2026-03-19 22:29:29.000,BUY,Down,0.54,1.35,0,"Bitcoin Up or Down - March 19, 6:25PM-6:30PM ET"
2026-03-19 22:29:27.000,BUY,Down,0.5400000265384642,13.565216,0,"Bitcoin Up or Down - March 19, 6:25PM-6:30PM ET"
2026-03-19 22:29:27.000,BUY,Down,0.5400002392001149,2.173912,0,"Bitcoin Up or Down - March 19, 6:25PM-6:30PM ET"
2026-03-19 22:29:27.000,BUY,Down,0.6141287448943933,8.396578,0,"Solana Up or Down - March 19, 6:25PM-6:30PM ET"
2026-03-19 22:29:25.000,BUY,Down,0.61,4.92926,0,"Solana Up or Down - March 19, 6:25PM-6:30PM ET"
2026-03-19 22:29:23.000,BUY,Down,0.61,6.90096,0,"Solana Up or Down - March 19, 6:25PM-6:30PM ET"
2026-03-19 22:29:23.000,BUY,Down,0.59,4.92686,0,"Solana Up or Down - March 19, 6:25PM-6:30PM ET"
2026-03-19 22:29:23.000,BUY,Up,0.4400000224000036,8.92857,0,"Bitcoin Up or Down - March 19, 6:25PM-6:30PM ET"
2026-03-19 22:29:21.000,BUY,Up,0.44000001237569264,9.696427,0,"Bitcoin Up or Down - March 19, 6:25PM-6:30PM ET"
2026-03-19 22:29:21.000,BUY,Up,0.44,1.66,0,"Bitcoin Up or Down - March 19, 6:25PM-6:30PM ET"
2026-03-19 22:29:11.000,BUY,Up,0.89,11.43,0,"Ethereum Up or Down - March 19, 6:25PM-6:30PM ET"
2026-03-19 22:29:09.000,BUY,Up,0.89,33.9,0,"Ethereum Up or Down - March 19, 6:25PM-6:30PM ET"
2026-03-19 22:29:07.000,BUY,Up,0.89,4.67,0,"Ethereum Up or Down - March 19, 6:25PM-6:30PM ET"
2026-03-19 22:29:03.000,BUY,Down,0.54,5,0,"Bitcoin Up or Down - March 19, 6:25PM-6:30PM ET"
2026-03-19 22:29:03.000,BUY,Down,0.5400002392001149,2.173912,0,"Bitcoin Up or Down - March 19, 6:25PM-6:30PM ET"
2026-03-19 22:29:03.000,BUY,Down,0.54,41,0,"Bitcoin Up or Down - March 19, 6:25PM-6:30PM ET"
2026-03-19 22:29:01.000,,,0,725.863963,0,"Bitcoin Up or Down - March 19, 6:25PM-6:30PM ET"
2026-03-19 22:29:01.000,BUY,Down,0.5400000491603126,8.543477,0,"Bitcoin Up or Down - March 19, 6:25PM-6:30PM ET"
2026-03-19 22:29:01.000,BUY,Down,0.54,5,0,"Bitcoin Up or Down - March 19, 6:25PM-6:30PM ET"
2026-03-19 22:29:01.000,BUY,Down,0.5400002650302393,1.735651,0,"Bitcoin Up or Down - March 19, 6:25PM-6:30PM ET"
2026-03-19 22:28:57.000,BUY,Down,0.5699999703468138,5.979013999999999,0,"Solana Up or Down - March 19, 6:25PM-6:30PM ET"
2026-03-19 22:28:55.000,BUY,Down,0.5300002746068897,1.893616,0,"Bitcoin Up or Down - March 19, 6:25PM-6:30PM ET"
2026-03-19 22:28:55.000,BUY,Up,0.4199999482608572,6.473947,0,"Solana Up or Down - March 19, 6:25PM-6:30PM ET"
2026-03-19 22:28:53.000,BUY,Up,0.9,5,0,"Ethereum Up or Down - March 19, 6:25PM-6:30PM ET"
2026-03-19 22:28:53.000,BUY,Up,0.9,2,0,"Ethereum Up or Down - March 19, 6:25PM-6:30PM ET"
2026-03-19 22:28:53.000,BUY,Down,0.5400000779153217,6.673912,0,"Bitcoin Up or Down - March 19, 6:25PM-6:30PM ET"
2026-03-19 22:28:53.000,BUY,Down,0.53,57.33,0,"Bitcoin Up or Down - March 19, 6:25PM-6:30PM ET"
2026-03-19 22:28:49.000,BUY,Down,0.54,10,0,"Bitcoin Up or Down - March 19, 6:25PM-6:30PM ET"
2026-03-19 22:28:49.000,BUY,Down,0.5400002392001149,2.173912,0,"Bitcoin Up or Down - March 19, 6:25PM-6:30PM ET"
2026-03-19 22:28:49.000,BUY,Down,0.54,1,0,"Bitcoin Up or Down - March 19, 6:25PM-6:30PM ET"
2026-03-19 22:28:49.000,BUY,Down,0.5400002392001149,2.173912,0,"Bitcoin Up or Down - March 19, 6:25PM-6:30PM ET"
2026-03-19 22:28:47.000,BUY,Down,0.5400002392001149,2.173912,0,"Bitcoin Up or Down - March 19, 6:25PM-6:30PM ET"
2026-03-19 22:28:47.000,BUY,Down,0.54,7.55,0,"Bitcoin Up or Down - March 19, 6:25PM-6:30PM ET"
2026-03-19 22:28:47.000,BUY,Down,0.54,5,0,"Bitcoin Up or Down - March 19, 6:25PM-6:30PM ET"
2026-03-19 22:28:47.000,BUY,Down,0.54,1.94,0,"Bitcoin Up or Down - March 19, 6:25PM-6:30PM ET"
2026-03-19 22:28:43.000,BUY,Down,0.54,16.2,0,"Bitcoin Up or Down - March 19, 6:25PM-6:30PM ET"
2026-03-19 22:28:37.000,BUY,Up,0.45,100,0,"Bitcoin Up or Down - March 19, 6:25PM-6:30PM ET"
2026-03-19 22:28:33.000,BUY,Up,0.48,100,0,"Bitcoin Up or Down - March 19, 6:25PM-6:30PM ET"
2026-03-19 22:28:31.000,BUY,Down,0.5,51,0,"Bitcoin Up or Down - March 19, 6:25PM-6:30PM ET"
2026-03-19 22:28:31.000,BUY,Down,0.5,49,0,"Bitcoin Up or Down - March 19, 6:25PM-6:30PM ET"
2026-03-19 22:28:31.000,BUY,Down,0.51,71.95,0,"Bitcoin Up or Down - March 19, 6:25PM-6:30PM ET"
2026-03-19 22:28:31.000,BUY,Down,0.51,28.05,0,"Bitcoin Up or Down - March 19, 6:25PM-6:30PM ET"
2026-03-19 22:28:31.000,BUY,Down,0.5100001715001115,2.040815,0,"Bitcoin Up or Down - March 19, 6:25PM-6:30PM ET"
2026-03-19 22:28:31.000,BUY,Down,0.5100001715001115,2.040815,0,"Bitcoin Up or Down - March 19, 6:25PM-6:30PM ET"
2026-03-19 22:28:31.000,BUY,Down,0.5100001715001115,2.040815,0,"Bitcoin Up or Down - March 19, 6:25PM-6:30PM ET"
2026-03-19 22:28:31.000,BUY,Down,0.51,58.56,0,"Bitcoin Up or Down - March 19, 6:25PM-6:30PM ET"
2026-03-19 22:28:27.000,BUY,Up,0.77,33.85,0,"Ethereum Up or Down - March 19, 6:25PM-6:30PM ET"
2026-03-19 22:28:27.000,BUY,Down,0.5400000478400142,5.434781,0,"Bitcoin Up or Down - March 19, 6:25PM-6:30PM ET"
2026-03-19 22:28:27.000,BUY,Down,0.5400000404800045,10.869564,0,"Bitcoin Up or Down - March 19, 6:25PM-6:30PM ET"
2026-03-19 22:28:27.000,BUY,Down,0.54,4.45,0,"Bitcoin Up or Down - March 19, 6:25PM-6:30PM ET"
2026-03-19 22:28:25.000,BUY,Up,0.43,10.12,0,"Bitcoin Up or Down - March 19, 6:25PM-6:30PM ET"
2026-03-19 22:28:25.000,BUY,Up,0.43000000342000033,17.543858,0,"Bitcoin Up or Down - March 19, 6:25PM-6:30PM ET"
2026-03-19 22:28:25.000,BUY,Up,0.7700032200193201,0.21739,0,"Ethereum Up or Down - March 19, 6:25PM-6:30PM ET"
2026-03-19 22:28:25.000,BUY,Up,0.43,8,0,"Bitcoin Up or Down - March 19, 6:25PM-6:30PM ET"
2026-03-19 22:28:25.000,BUY,Up,0.43,40,0,"Bitcoin Up or Down - March 19, 6:25PM-6:30PM ET"
2026-03-19 22:28:25.000,BUY,Up,0.77,11.62,0,"Ethereum Up or Down - March 19, 6:25PM-6:30PM ET"
2026-03-19 22:28:25.000,BUY,Up,0.77,4.31,0,"Ethereum Up or Down - March 19, 6:25PM-6:30PM ET"
2026-03-19 22:28:25.000,BUY,Up,0.4300002566702173,1.55842,0,"Bitcoin Up or Down - March 19, 6:25PM-6:30PM ET"
2026-03-19 22:28:21.000,BUY,Up,0.26,1.35135,0,"Bitcoin Up or Down - March 19, 6:25PM-6:30PM ET"
2026-03-19 22:28:21.000,BUY,Up,0.36435971994152644,8.745993,0,"Solana Up or Down - March 19, 6:25PM-6:30PM ET"
2026-03-19 22:28:21.000,BUY,Up,0.29545560552307293,6.595445000000001,0,"Solana Up or Down - March 19, 6:25PM-6:30PM ET"
2026-03-19 22:28:21.000,BUY,Up,0.4,3.33133,0,"Solana Up or Down - March 19, 6:25PM-6:30PM ET"
2026-03-19 22:28:21.000,BUY,Down,0.7200000428415352,13.071427,0,"Bitcoin Up or Down - March 19, 6:25PM-6:30PM ET"
2026-03-19 22:28:21.000,BUY,Up,0.26,5,0,"Bitcoin Up or Down - March 19, 6:25PM-6:30PM ET"
2026-03-19 22:28:21.000,BUY,Up,0.26,3.7027,0,"Bitcoin Up or Down - March 19, 6:25PM-6:30PM ET"
2026-03-19 22:28:21.000,BUY,Up,0.26,1.35135,0,"Bitcoin Up or Down - March 19, 6:25PM-6:30PM ET"
2026-03-19 22:28:21.000,BUY,Up,0.26,5.15,0,"Bitcoin Up or Down - March 19, 6:25PM-6:30PM ET"
2026-03-19 22:28:21.000,BUY,Up,0.26,2,0,"Bitcoin Up or Down - March 19, 6:25PM-6:30PM ET"
2026-03-19 22:28:21.000,BUY,Up,0.26,3,0,"Bitcoin Up or Down - March 19, 6:25PM-6:30PM ET"
2026-03-19 22:28:21.000,BUY,Up,0.26,4.51,0,"Bitcoin Up or Down - March 19, 6:25PM-6:30PM ET"
2026-03-19 22:28:19.000,BUY,Down,0.7099999775620673,6.173314,0,"Solana Up or Down - March 19, 6:25PM-6:30PM ET"
2026-03-19 22:28:19.000,BUY,Down,0.65,4.93531,0,"Solana Up or Down - March 19, 6:25PM-6:30PM ET"
2026-03-19 22:28:19.000,BUY,Up,0.32,52.24,0,"Bitcoin Up or Down - March 19, 6:25PM-6:30PM ET"
2026-03-19 22:28:17.000,BUY,Up,0.38,4.93062,0,"Solana Up or Down - March 19, 6:25PM-6:30PM ET"
2026-03-19 22:28:15.000,BUY,Up,0.3200000297810423,4.029409,0,"Bitcoin Up or Down - March 19, 6:25PM-6:30PM ET"
2026-03-19 22:28:15.000,BUY,Up,0.3200001088000914,1.470587,0,"Bitcoin Up or Down - March 19, 6:25PM-6:30PM ET"
2026-03-19 22:28:15.000,BUY,Up,0.61,25,0,"Ethereum Up or Down - March 19, 6:25PM-6:30PM ET"
2026-03-19 22:28:15.000,BUY,Up,0.3200001088000914,1.470587,0,"Bitcoin Up or Down - March 19, 6:25PM-6:30PM ET"
2026-03-19 22:28:15.000,BUY,Up,0.32,2.941175,0,"Bitcoin Up or Down - March 19, 6:25PM-6:30PM ET"
2026-03-19 22:28:15.000,BUY,Up,0.61,25,0,"Ethereum Up or Down - March 19, 6:25PM-6:30PM ET"
2026-03-19 22:28:15.000,BUY,Up,0.37999990134613204,5.397733000000001,0,"Solana Up or Down - March 19, 6:25PM-6:30PM ET"
2026-03-19 22:28:15.000,BUY,Up,0.37,0.92724,0,"Solana Up or Down - March 19, 6:25PM-6:30PM ET"
2026-03-19 22:28:15.000,BUY,Up,0.3200001088000914,1.470587,0,"Bitcoin Up or Down - March 19, 6:25PM-6:30PM ET"
2026-03-19 22:28:15.000,BUY,Up,0.32000002720000437,7.35294,0,"Bitcoin Up or Down - March 19, 6:25PM-6:30PM ET"
2026-03-19 22:28:15.000,BUY,Up,0.32,7.37,0,"Bitcoin Up or Down - March 19, 6:25PM-6:30PM ET"
2026-03-19 22:28:13.000,BUY,Up,0.61,14.09,0,"Ethereum Up or Down - March 19, 6:25PM-6:30PM ET"
2026-03-19 22:28:13.000,BUY,Up,0.32,1,0,"Bitcoin Up or Down - March 19, 6:25PM-6:30PM ET"
2026-03-19 22:28:13.000,BUY,Up,0.32,10,0,"Bitcoin Up or Down - March 19, 6:25PM-6:30PM ET"
2026-03-19 22:28:13.000,BUY,Up,0.32,5.166175,0,"Bitcoin Up or Down - March 19, 6:25PM-6:30PM ET"
2026-03-19 22:28:13.000,BUY,Up,0.3652805728355964,10.452223,0,"Solana Up or Down - March 19, 6:25PM-6:30PM ET"
2026-03-19 22:28:13.000,BUY,Up,0.3200001088000914,1.470587,0,"Bitcoin Up or Down - March 19, 6:25PM-6:30PM ET"
2026-03-19 22:28:13.000,BUY,Up,0.3200001088000914,1.470587,0,"Bitcoin Up or Down - March 19, 6:25PM-6:30PM ET"
2026-03-19 22:28:13.000,BUY,Up,0.3200001088000914,1.470587,0,"Bitcoin Up or Down - March 19, 6:25PM-6:30PM ET"
2026-03-19 22:28:13.000,BUY,Up,0.32,1,0,"Bitcoin Up or Down - March 19, 6:25PM-6:30PM ET"
2026-03-19 22:28:11.000,BUY,Down,0.6700000046279452,79.949089,0,"Bitcoin Up or Down - March 19, 6:25PM-6:30PM ET"
2026-03-19 22:28:11.000,BUY,Up,0.35806361085126287,10.54881,0,"Solana Up or Down - March 19, 6:25PM-6:30PM ET"
2026-03-19 22:28:07.000,BUY,Down,0.67,99.4,0,"Bitcoin Up or Down - March 19, 6:25PM-6:30PM ET"
2026-03-19 22:28:05.000,BUY,Down,0.67,0.6,0,"Bitcoin Up or Down - March 19, 6:25PM-6:30PM ET"
2026-03-19 22:28:01.000,BUY,Up,0.34,100,0,"Bitcoin Up or Down - March 19, 6:25PM-6:30PM ET"
2026-03-19 22:27:57.000,BUY,Up,0.34,100,0,"Bitcoin Up or Down - March 19, 6:25PM-6:30PM ET"
2026-03-19 22:27:47.000,BUY,Down,0.62,56.19,0,"Bitcoin Up or Down - March 19, 6:25PM-6:30PM ET"
2026-03-19 22:27:47.000,BUY,Down,0.63,100,0,"Bitcoin Up or Down - March 19, 6:25PM-6:30PM ET"
2026-03-19 22:27:45.000,BUY,Down,0.62,100,0,"Bitcoin Up or Down - March 19, 6:25PM-6:30PM ET"
2026-03-19 22:27:43.000,BUY,Up,0.59,21.07,0,"Ethereum Up or Down - March 19, 6:25PM-6:30PM ET"
2026-03-19 22:27:41.000,BUY,Down,0.59,0.98538,0,"Bitcoin Up or Down - March 19, 6:25PM-6:30PM ET"
2026-03-19 22:27:31.000,,,0,682.067701,0,"Bitcoin Up or Down - March 19, 6:25PM-6:30PM ET"
2026-03-19 22:27:17.000,BUY,Up,0.52,10.28,0,"Ethereum Up or Down - March 19, 6:25PM-6:30PM ET"
2026-03-19 22:27:15.000,BUY,Up,0.44,8.1,0,"Bitcoin Up or Down - March 19, 6:25PM-6:30PM ET"
2026-03-19 22:27:15.000,BUY,Up,0.44,8.1,0,"Bitcoin Up or Down - March 19, 6:25PM-6:30PM ET"
2026-03-19 22:27:15.000,BUY,Up,0.44,0.27,0,"Bitcoin Up or Down - March 19, 6:25PM-6:30PM ET"
2026-03-19 22:27:15.000,BUY,Up,0.5200000596273588,3.354165,0,"Ethereum Up or Down - March 19, 6:25PM-6:30PM ET"
2026-03-19 22:27:15.000,BUY,Up,0.44,0.24,0,"Bitcoin Up or Down - March 19, 6:25PM-6:30PM ET"
2026-03-19 22:27:15.000,BUY,Up,0.4400000746667065,5.35714,0,"Bitcoin Up or Down - March 19, 6:25PM-6:30PM ET"
2026-03-19 22:27:15.000,BUY,Up,0.44,7.94,0,"Bitcoin Up or Down - March 19, 6:25PM-6:30PM ET"
2026-03-19 22:27:15.000,BUY,Up,0.44,2.34,0,"Bitcoin Up or Down - March 19, 6:25PM-6:30PM ET"
2026-03-19 22:27:15.000,BUY,Up,0.44,8.1,0,"Bitcoin Up or Down - March 19, 6:25PM-6:30PM ET"
2026-03-19 22:27:15.000,BUY,Up,0.4400001568001129,1.785713,0,"Bitcoin Up or Down - March 19, 6:25PM-6:30PM ET"
2026-03-19 22:27:13.000,BUY,Up,0.44000007357665954,4.892856,0,"Bitcoin Up or Down - March 19, 6:25PM-6:30PM ET"
2026-03-19 22:27:13.000,BUY,Up,0.44,0.24,0,"Bitcoin Up or Down - March 19, 6:25PM-6:30PM ET"
2026-03-19 22:27:13.000,BUY,Up,0.4400001568001129,1.785713,0,"Bitcoin Up or Down - March 19, 6:25PM-6:30PM ET"
2026-03-19 22:27:13.000,BUY,Up,0.44000000112000004,35.714284,0,"Bitcoin Up or Down - March 19, 6:25PM-6:30PM ET"
2026-03-19 22:27:13.000,BUY,Up,0.44000000896000346,4.464284,0,"Bitcoin Up or Down - March 19, 6:25PM-6:30PM ET"
2026-03-19 22:27:13.000,BUY,Up,0.44,0.01,0,"Bitcoin Up or Down - March 19, 6:25PM-6:30PM ET"
2026-03-19 22:27:13.000,BUY,Up,0.4400001568001129,1.785713,0,"Bitcoin Up or Down - March 19, 6:25PM-6:30PM ET"
2026-03-19 22:27:13.000,BUY,Up,0.44,8.84,0,"Bitcoin Up or Down - March 19, 6:25PM-6:30PM ET"
2026-03-19 22:27:13.000,BUY,Down,0.54,1.1,0,"Bitcoin Up or Down - March 19, 6:25PM-6:30PM ET"
2026-03-19 22:27:13.000,BUY,Down,0.54,87.82,0,"Bitcoin Up or Down - March 19, 6:25PM-6:30PM ET"
2026-03-19 22:27:13.000,BUY,Down,0.5400000447222334,6.260868,0,"Bitcoin Up or Down - March 19, 6:25PM-6:30PM ET"
2026-03-19 22:27:13.000,BUY,Down,0.54000003330318,4.804346,0,"Bitcoin Up or Down - March 19, 6:25PM-6:30PM ET"
2026-03-19 22:27:11.000,BUY,Down,0.5099999991663462,200.73784700000002,0,"Bitcoin Up or Down - March 19, 6:25PM-6:30PM ET"
2026-03-19 22:27:11.000,BUY,Down,0.48,6.39877,0,"XRP Up or Down - March 19, 6:25PM-6:30PM ET"
2026-03-19 22:27:09.000,BUY,Up,0.5400004429633567,1.173912,0,"Ethereum Up or Down - March 19, 6:25PM-6:30PM ET"
2026-03-19 22:27:05.000,BUY,Up,0.66,1.92,0,"Ethereum Up or Down - March 19, 6:25PM-6:30PM ET"
2026-03-19 22:27:03.000,BUY,Down,0.3900000244000039,8.19672,0,"Bitcoin Up or Down - March 19, 6:25PM-6:30PM ET"
2026-03-19 22:27:03.000,BUY,Down,0.39,10,0,"Bitcoin Up or Down - March 19, 6:25PM-6:30PM ET"
2026-03-19 22:27:03.000,BUY,Down,0.3900000330211732,6.05672,0,"Bitcoin Up or Down - March 19, 6:25PM-6:30PM ET"
2026-03-19 22:27:03.000,BUY,Down,0.3900000442366718,4.295079,0,"Bitcoin Up or Down - March 19, 6:25PM-6:30PM ET"
2026-03-19 22:27:03.000,BUY,Down,0.39000001452381494,4.131146,0,"Bitcoin Up or Down - March 19, 6:25PM-6:30PM ET"
2026-03-19 22:27:03.000,BUY,Down,0.39,6.98,0,"Bitcoin Up or Down - March 19, 6:25PM-6:30PM ET"
2026-03-19 22:27:03.000,BUY,Down,0.39000014030010804,1.639343,0,"Bitcoin Up or Down - March 19, 6:25PM-6:30PM ET"
2026-03-19 22:27:01.000,BUY,Down,0.3900000239215755,5.016392,0,"Bitcoin Up or Down - March 19, 6:25PM-6:30PM ET"
2026-03-19 22:26:55.000,BUY,Up,0.72,11.56,0,"Ethereum Up or Down - March 19, 6:25PM-6:30PM ET"
2026-03-19 22:26:53.000,BUY,Up,0.4099999186639508,5.936259000000001,0,"Solana Up or Down - March 19, 6:25PM-6:30PM ET"
2026-03-19 22:26:41.000,BUY,Down,0.4,4.24,0,"Bitcoin Up or Down - March 19, 6:25PM-6:30PM ET"
2026-03-19 22:26:41.000,BUY,Down,0.4,11.39,0,"Bitcoin Up or Down - March 19, 6:25PM-6:30PM ET"
2026-03-19 22:26:41.000,BUY,Down,0.4,4.95,0,"Bitcoin Up or Down - March 19, 6:25PM-6:30PM ET"
2026-03-19 22:26:41.000,BUY,Down,0.4,5.45,0,"Bitcoin Up or Down - March 19, 6:25PM-6:30PM ET"
2026-03-19 22:26:41.000,BUY,Down,0.40000000270404257,73.963332,0,"Bitcoin Up or Down - March 19, 6:25PM-6:30PM ET"
2026-03-19 22:26:31.000,BUY,Up,0.57,1.06,0,"Ethereum Up or Down - March 19, 6:25PM-6:30PM ET"
2026-03-19 22:26:31.000,BUY,Up,0.58,14.77748,0,"Bitcoin Up or Down - March 19, 6:25PM-6:30PM ET"
2026-03-19 22:26:25.000,BUY,Down,0.5299999418798867,7.114314,0,"Solana Up or Down - March 19, 6:25PM-6:30PM ET"
2026-03-19 22:26:25.000,BUY,Down,0.5299999392708192,5.349671,0,"Solana Up or Down - March 19, 6:25PM-6:30PM ET"
2026-03-19 22:26:23.000,BUY,Down,0.5299999232894596,5.646878,0,"Solana Up or Down - March 19, 6:25PM-6:30PM ET"
2026-03-19 22:26:23.000,BUY,Down,0.5299999705555481,6.018376,0,"Solana Up or Down - March 19, 6:25PM-6:30PM ET"
2026-03-19 22:26:19.000,BUY,Up,0.69,8.007349999999999,0,"Ethereum Up or Down - March 19, 6:25PM-6:30PM ET"
2026-03-19 22:25:59.000,BUY,Up,0.59,4.75,0,"Ethereum Up or Down - March 19, 6:25PM-6:30PM ET"
2026-03-19 22:25:57.000,BUY,Down,0.38,3.22,0,"Bitcoin Up or Down - March 19, 6:25PM-6:30PM ET"
2026-03-19 22:25:57.000,BUY,Down,0.38000003100001395,3.225805,0,"Bitcoin Up or Down - March 19, 6:25PM-6:30PM ET"
2026-03-19 22:25:57.000,BUY,Down,0.38000014880011307,1.612902,0,"Bitcoin Up or Down - March 19, 6:25PM-6:30PM ET"
2026-03-19 22:25:57.000,BUY,Down,0.38,5,0,"Bitcoin Up or Down - March 19, 6:25PM-6:30PM ET"
2026-03-19 22:25:57.000,BUY,Down,0.3800000445751893,4.935481,0,"Bitcoin Up or Down - March 19, 6:25PM-6:30PM ET"
2026-03-19 22:25:57.000,BUY,Down,0.38000014880011307,1.612902,0,"Bitcoin Up or Down - March 19, 6:25PM-6:30PM ET"
2026-03-19 22:25:57.000,BUY,Down,0.38000003100001395,6.45161,0,"Bitcoin Up or Down - March 19, 6:25PM-6:30PM ET"
2026-03-19 22:25:55.000,BUY,Down,0.38000014880011307,1.612902,0,"Bitcoin Up or Down - March 19, 6:25PM-6:30PM ET"
2026-03-19 22:25:55.000,BUY,Down,0.38,5,0,"Bitcoin Up or Down - March 19, 6:25PM-6:30PM ET"
2026-03-19 22:25:55.000,BUY,Down,0.38,3.22,0,"Bitcoin Up or Down - March 19, 6:25PM-6:30PM ET"
2026-03-19 22:25:55.000,BUY,Down,0.3800000445751893,4.935481,0,"Bitcoin Up or Down - March 19, 6:25PM-6:30PM ET"
2026-03-19 22:25:55.000,BUY,Down,0.380000188190048,1.169031,0,"Bitcoin Up or Down - March 19, 6:25PM-6:30PM ET"
2026-03-19 22:25:55.000,BUY,Down,0.38000014880011307,1.612902,0,"Bitcoin Up or Down - March 19, 6:25PM-6:30PM ET"
2026-03-19 22:25:55.000,BUY,Down,0.38000014880011307,1.612902,0,"Bitcoin Up or Down - March 19, 6:25PM-6:30PM ET"
2026-03-19 22:25:53.000,BUY,Up,0.5899999992504367,105.16749200000001,0,"Bitcoin Up or Down - March 19, 6:25PM-6:30PM ET"
2026-03-19 22:25:51.000,BUY,Up,0.55,17.17293,0,"Ethereum Up or Down - March 19, 6:25PM-6:30PM ET"
2026-03-19 22:25:51.000,BUY,Down,0.46480192076830734,41.00566,0,"Ethereum Up or Down - March 19, 6:25PM-6:30PM ET"
2026-03-19 22:25:51.000,BUY,Down,0.48,5.7835,0,"Solana Up or Down - March 19, 6:25PM-6:30PM ET"
2026-03-19 22:25:47.000,BUY,Up,0.6499999798345384,14.684432000000001,0,"XRP Up or Down - March 19, 6:25PM-6:30PM ET"
2026-03-19 22:25:45.000,BUY,Down,0.3200001088000914,1.470587,0,"Bitcoin Up or Down - March 19, 6:25PM-6:30PM ET"
2026-03-19 22:25:45.000,BUY,Down,0.3200000302222545,2.647056,0,"Bitcoin Up or Down - March 19, 6:25PM-6:30PM ET"
2026-03-19 22:25:45.000,BUY,Down,0.3200001088000914,1.470587,0,"Bitcoin Up or Down - March 19, 6:25PM-6:30PM ET"
2026-03-19 22:25:45.000,BUY,Down,0.4466007252292446,5.446215,0,"Solana Up or Down - March 19, 6:25PM-6:30PM ET"
2026-03-19 22:25:45.000,BUY,Up,0.6499999990562202,261.464855,0,"Bitcoin Up or Down - March 19, 6:25PM-6:30PM ET"
2026-03-19 22:25:31.000,BUY,Down,0.38,1.89336,0,"Ethereum Up or Down - March 19, 6:25PM-6:30PM ET"
2026-03-19 22:25:27.000,BUY,Up,0.62,100,0,"Bitcoin Up or Down - March 19, 6:25PM-6:30PM ET"
2026-03-19 22:25:25.000,BUY,Down,0.38,100,0,"Bitcoin Up or Down - March 19, 6:25PM-6:30PM ET"
2026-03-19 22:25:19.000,BUY,Up,0.5299999896416924,11.405194,0,"XRP Up or Down - March 19, 6:25PM-6:30PM ET"
2026-03-19 22:25:17.000,BUY,Up,0.5800001764001023,2.380951,0,"Bitcoin Up or Down - March 19, 6:25PM-6:30PM ET"
2026-03-19 22:25:17.000,BUY,Up,0.58,27.25,0,"Bitcoin Up or Down - March 19, 6:25PM-6:30PM ET"
2026-03-19 22:25:17.000,BUY,Up,0.5800000754285887,5.833332,0,"Bitcoin Up or Down - March 19, 6:25PM-6:30PM ET"
2026-03-19 22:25:17.000,BUY,Up,0.5800001764001023,2.380951,0,"Bitcoin Up or Down - March 19, 6:25PM-6:30PM ET"
2026-03-19 22:25:17.000,BUY,Up,0.5800000625116477,5.119046,0,"Bitcoin Up or Down - March 19, 6:25PM-6:30PM ET"
2026-03-19 22:25:17.000,BUY,Up,0.58,10,0,"Bitcoin Up or Down - March 19, 6:25PM-6:30PM ET"
2026-03-19 22:25:17.000,BUY,Up,0.58,10,0,"Bitcoin Up or Down - March 19, 6:25PM-6:30PM ET"
2026-03-19 22:25:17.000,BUY,Up,0.58,5.11,0,"Bitcoin Up or Down - March 19, 6:25PM-6:30PM ET"
2026-03-19 22:25:15.000,BUY,Up,0.5800000168000027,11.90476,0,"Bitcoin Up or Down - March 19, 6:25PM-6:30PM ET"
2026-03-19 22:25:15.000,BUY,Up,0.5800000168000027,11.90476,0,"Bitcoin Up or Down - March 19, 6:25PM-6:30PM ET"
2026-03-19 22:25:15.000,BUY,Up,0.580000110697731,3.071427,0,"Bitcoin Up or Down - March 19, 6:25PM-6:30PM ET"
2026-03-19 22:25:15.000,BUY,Up,0.5800001001908636,4.990475,0,"Bitcoin Up or Down - March 19, 6:25PM-6:30PM ET"
2026-03-19 22:25:11.000,BUY,Down,0.41,3.38,0,"Bitcoin Up or Down - March 19, 6:25PM-6:30PM ET"
2026-03-19 22:25:11.000,BUY,Down,0.410000004947693,80.84576,0,"Bitcoin Up or Down - March 19, 6:25PM-6:30PM ET"
2026-03-19 22:25:11.000,BUY,Up,0.5700000081198202,23.399533,0,"Bitcoin Up or Down - March 19, 6:25PM-6:30PM ET"
2026-03-19 22:25:11.000,BUY,Up,0.58,100,0,"Bitcoin Up or Down - March 19, 6:25PM-6:30PM ET"
2026-03-19 22:25:11.000,BUY,Up,0.53,6.89142,0,"XRP Up or Down - March 19, 6:25PM-6:30PM ET"
2026-03-19 22:25:09.000,BUY,Up,0.52,45.72654,0,"Ethereum Up or Down - March 19, 6:25PM-6:30PM ET"
2026-03-19 22:25:09.000,BUY,Down,0.41,197.07422,0,"Ethereum Up or Down - March 19, 6:25PM-6:30PM ET"
2026-03-19 22:25:09.000,BUY,Down,0.41,49.26856,0,"Ethereum Up or Down - March 19, 6:25PM-6:30PM ET"
2026-03-19 22:25:07.000,,,0,626.201351,0,"Ethereum Up or Down - March 19, 6:15PM-6:20PM ET"
2026-03-19 22:25:07.000,,,0,26.735632,0,"Bitcoin Up or Down - March 19, 6:15PM-6:20PM ET"
2026-03-19 22:25:07.000,,,0,92.89154,0,"XRP Up or Down - March 19, 6:15PM-6:20PM ET"
2026-03-19 22:25:07.000,,,0,12.938944,0,"Solana Up or Down - March 19, 6:15PM-6:20PM ET"
2026-03-19 22:24:35.000,BUY,Up,0.98,9.13178,0,"XRP Up or Down - March 19, 6:20PM-6:25PM ET"
2026-03-19 22:24:35.000,BUY,Up,0.98,5.67291,0,"XRP Up or Down - March 19, 6:20PM-6:25PM ET"
2026-03-19 22:24:35.000,BUY,Up,0.98,5.570869999999999,0,"XRP Up or Down - March 19, 6:20PM-6:25PM ET"
2026-03-19 22:24:31.000,,,0,557.397467,0,"Ethereum Up or Down - March 19, 6:20PM-6:25PM ET"
2026-03-19 22:24:27.000,BUY,Down,0.14750093949642992,10.60193,0,"XRP Up or Down - March 19, 6:20PM-6:25PM ET"
2026-03-19 22:24:17.000,BUY,Up,0.01,181.01557,0,"Ethereum Up or Down - March 19, 6:20PM-6:25PM ET"
2026-03-19 22:24:05.000,BUY,Up,0.02,1.0204,0,"Ethereum Up or Down - March 19, 6:20PM-6:25PM ET"
2026-03-19 22:24:05.000,BUY,Up,0.02,1.0204,0,"Ethereum Up or Down - March 19, 6:20PM-6:25PM ET"
2026-03-19 22:24:05.000,BUY,Up,0.02,47.94,0,"Ethereum Up or Down - March 19, 6:20PM-6:25PM ET"
2026-03-19 22:24:03.000,BUY,Up,0.02,7.14,0,"Ethereum Up or Down - March 19, 6:20PM-6:25PM ET"
2026-03-19 22:24:01.000,BUY,Up,0.03,279.94073,0,"Bitcoin Up or Down - March 19, 6:20PM-6:25PM ET"
2026-03-19 22:24:01.000,,,0,507.099897,0,"Bitcoin Up or Down - March 19, 6:20PM-6:25PM ET"
2026-03-19 22:23:59.000,BUY,Down,0.2099998736718523,6.053307,0,"XRP Up or Down - March 19, 6:20PM-6:25PM ET"
2026-03-19 22:23:59.000,BUY,Up,0.02,30.6122,0,"Ethereum Up or Down - March 19, 6:20PM-6:25PM ET"
2026-03-19 22:23:57.000,BUY,Up,0.02,10.20405,0,"Ethereum Up or Down - March 19, 6:20PM-6:25PM ET"
2026-03-19 22:23:57.000,BUY,Up,0.02,2.0204,0,"Ethereum Up or Down - March 19, 6:20PM-6:25PM ET"
2026-03-19 22:23:55.000,BUY,Down,0.2199998634482429,5.233916,0,"XRP Up or Down - March 19, 6:20PM-6:25PM ET"
2026-03-19 22:23:55.000,BUY,Down,0.22,2.69998,0,"XRP Up or Down - March 19, 6:20PM-6:25PM ET"
2026-03-19 22:23:53.000,BUY,Up,0.02,15.9,0,"Ethereum Up or Down - March 19, 6:20PM-6:25PM ET"
2026-03-19 22:23:53.000,BUY,Up,0.02,14,0,"Ethereum Up or Down - March 19, 6:20PM-6:25PM ET"
2026-03-19 22:23:51.000,BUY,Up,0.02,7.13265,0,"Ethereum Up or Down - March 19, 6:20PM-6:25PM ET"
2026-03-19 22:23:51.000,BUY,Up,0.02,2.95915,0,"Ethereum Up or Down - March 19, 6:20PM-6:25PM ET"
2026-03-19 22:23:49.000,BUY,Up,0.02,10,0,"Ethereum Up or Down - March 19, 6:20PM-6:25PM ET"
2026-03-19 22:23:47.000,BUY,Up,0.030000004874403678,2.051533,0,"Ethereum Up or Down - March 19, 6:20PM-6:25PM ET"
2026-03-19 22:23:47.000,BUY,Up,0.03,2.0206,0,"Ethereum Up or Down - March 19, 6:20PM-6:25PM ET"
2026-03-19 22:23:47.000,BUY,Up,0.03,7.93,0,"Ethereum Up or Down - March 19, 6:20PM-6:25PM ET"
2026-03-19 22:23:47.000,BUY,Up,0.03,37.98,0,"Ethereum Up or Down - March 19, 6:20PM-6:25PM ET"
2026-03-19 22:23:37.000,BUY,Up,0.05,92.78764000000001,0,"Bitcoin Up or Down - March 19, 6:20PM-6:25PM ET"
2026-03-19 22:23:33.000,BUY,Up,0.04,6,0,"Ethereum Up or Down - March 19, 6:20PM-6:25PM ET"
2026-03-19 22:23:33.000,BUY,Up,0.04,25.04,0,"Ethereum Up or Down - March 19, 6:20PM-6:25PM ET"
2026-03-19 22:23:31.000,BUY,Up,0.06,30,0,"Bitcoin Up or Down - March 19, 6:20PM-6:25PM ET"
2026-03-19 22:23:27.000,BUY,Up,0.07,3.81,0,"Bitcoin Up or Down - March 19, 6:20PM-6:25PM ET"
2026-03-19 22:23:27.000,BUY,Up,0.07,6.63,0,"Bitcoin Up or Down - March 19, 6:20PM-6:25PM ET"
2026-03-19 22:23:27.000,BUY,Up,0.07,4.92,0,"Bitcoin Up or Down - March 19, 6:20PM-6:25PM ET"
2026-03-19 22:23:27.000,BUY,Up,0.07000001116000433,5.376342,0,"Bitcoin Up or Down - March 19, 6:20PM-6:25PM ET"
2026-03-19 22:23:27.000,BUY,Up,0.07,5.24,0,"Bitcoin Up or Down - March 19, 6:20PM-6:25PM ET"
2026-03-19 22:23:27.000,BUY,Up,0.07,19.99,0,"Bitcoin Up or Down - March 19, 6:20PM-6:25PM ET"
2026-03-19 22:23:27.000,BUY,Up,0.07,39.65,0,"Bitcoin Up or Down - March 19, 6:20PM-6:25PM ET"
2026-03-19 22:23:25.000,BUY,Up,0.07,26.9714,0,"Bitcoin Up or Down - March 19, 6:20PM-6:25PM ET"
2026-03-19 22:23:23.000,BUY,Down,0.9,5.752,0,"Bitcoin Up or Down - March 19, 6:20PM-6:25PM ET"
2026-03-19 22:23:23.000,BUY,Down,0.25,5.2336,0,"XRP Up or Down - March 19, 6:20PM-6:25PM ET"
2026-03-19 22:23:21.000,BUY,Down,0.23999988821915358,6.032742000000001,0,"XRP Up or Down - March 19, 6:20PM-6:25PM ET"
2026-03-19 22:23:21.000,BUY,Down,0.2399998809916962,4.999735,0,"XRP Up or Down - March 19, 6:20PM-6:25PM ET"
2026-03-19 22:23:21.000,BUY,Down,0.23999987820892613,5.536902,0,"XRP Up or Down - March 19, 6:20PM-6:25PM ET"
2026-03-19 22:23:21.000,BUY,Up,0.08000000060290711,66.345212,0,"Bitcoin Up or Down - March 19, 6:20PM-6:25PM ET"
2026-03-19 22:23:21.000,BUY,Up,0.08,20.38,0,"Bitcoin Up or Down - March 19, 6:20PM-6:25PM ET"
2026-03-19 22:23:21.000,BUY,Up,0.08,1.08695,0,"Bitcoin Up or Down - March 19, 6:20PM-6:25PM ET"
2026-03-19 22:23:21.000,BUY,Up,0.08,5,0,"Bitcoin Up or Down - March 19, 6:20PM-6:25PM ET"
2026-03-19 22:23:21.000,BUY,Up,0.08,5,0,"Bitcoin Up or Down - March 19, 6:20PM-6:25PM ET"
2026-03-19 22:23:21.000,BUY,Down,0.23999989640284788,5.743495,0,"XRP Up or Down - March 19, 6:20PM-6:25PM ET"
2026-03-19 22:23:21.000,BUY,Up,0.08,1.08695,0,"Bitcoin Up or Down - March 19, 6:20PM-6:25PM ET"
2026-03-19 22:23:21.000,BUY,Up,0.08,1.08695,0,"Bitcoin Up or Down - March 19, 6:20PM-6:25PM ET"
2026-03-19 22:23:19.000,BUY,Down,0.2399998754198169,5.412942,0,"XRP Up or Down - March 19, 6:20PM-6:25PM ET"
2026-03-19 22:23:17.000,BUY,Down,0.22,3.37498,0,"XRP Up or Down - March 19, 6:20PM-6:25PM ET"
2026-03-19 22:23:17.000,BUY,Up,0.09,10,0,"Bitcoin Up or Down - March 19, 6:20PM-6:25PM ET"
2026-03-19 22:23:17.000,BUY,Down,0.22,5.95584,0,"XRP Up or Down - March 19, 6:20PM-6:25PM ET"
2026-03-19 22:23:17.000,BUY,Up,0.09,40,0,"Bitcoin Up or Down - March 19, 6:20PM-6:25PM ET"
2026-03-19 22:23:17.000,BUY,Up,0.09,14.01,0,"Bitcoin Up or Down - March 19, 6:20PM-6:25PM ET"
2026-03-19 22:23:17.000,BUY,Up,0.09,5.4945,0,"Bitcoin Up or Down - March 19, 6:20PM-6:25PM ET"
2026-03-19 22:23:17.000,BUY,Up,0.09000001341053458,5.219777,0,"Bitcoin Up or Down - March 19, 6:20PM-6:25PM ET"
2026-03-19 22:23:17.000,BUY,Up,0.09,5.5,0,"Bitcoin Up or Down - March 19, 6:20PM-6:25PM ET"
2026-03-19 22:23:17.000,BUY,Up,0.09,1.0989,0,"Bitcoin Up or Down - March 19, 6:20PM-6:25PM ET"
2026-03-19 22:23:17.000,BUY,Up,0.09,10,0,"Bitcoin Up or Down - March 19, 6:20PM-6:25PM ET"
2026-03-19 22:23:17.000,BUY,Up,0.09,5.4945,0,"Bitcoin Up or Down - March 19, 6:20PM-6:25PM ET"
2026-03-19 22:23:17.000,BUY,Up,0.09,3.17,0,"Bitcoin Up or Down - March 19, 6:20PM-6:25PM ET"
2026-03-19 22:23:03.000,BUY,Down,0.83,4.97512,0,"Bitcoin Up or Down - March 19, 6:20PM-6:25PM ET"
2026-03-19 22:23:01.000,BUY,Down,0.17812952059776052,5.583807,0,"XRP Up or Down - March 19, 6:20PM-6:25PM ET"
2026-03-19 22:22:55.000,BUY,Down,0.81,78.08,0,"Bitcoin Up or Down - March 19, 6:20PM-6:25PM ET"
2026-03-19 22:22:53.000,BUY,Down,0.9,49.89875,0,"Ethereum Up or Down - March 19, 6:20PM-6:25PM ET"
2026-03-19 22:22:53.000,BUY,Down,0.9,66.44296,0,"Ethereum Up or Down - March 19, 6:20PM-6:25PM ET"
2026-03-19 22:22:53.000,BUY,Down,0.81,14.29,0,"Bitcoin Up or Down - March 19, 6:20PM-6:25PM ET"
2026-03-19 22:22:53.000,BUY,Down,0.8100001216000438,5.263156,0,"Bitcoin Up or Down - March 19, 6:20PM-6:25PM ET"
2026-03-19 22:22:53.000,BUY,Down,0.9,6.64208,0,"Ethereum Up or Down - March 19, 6:20PM-6:25PM ET"
2026-03-19 22:22:53.000,BUY,Down,0.9,49.89875,0,"Ethereum Up or Down - March 19, 6:20PM-6:25PM ET"
2026-03-19 22:22:53.000,BUY,Down,0.810000305630218,2.355788,0,"Bitcoin Up or Down - March 19, 6:20PM-6:25PM ET"
2026-03-19 22:22:45.000,BUY,Down,0.89,50,0,"Ethereum Up or Down - March 19, 6:20PM-6:25PM ET"
2026-03-19 22:22:45.000,BUY,Up,0.17000009130017255,1.204817,0,"Bitcoin Up or Down - March 19, 6:20PM-6:25PM ET"
2026-03-19 22:22:45.000,BUY,Up,0.17,0.98,0,"Bitcoin Up or Down - March 19, 6:20PM-6:25PM ET"
2026-03-19 22:22:45.000,BUY,Up,0.1700000033200013,6.024094,0,"Bitcoin Up or Down - March 19, 6:20PM-6:25PM ET"
2026-03-19 22:22:45.000,BUY,Up,0.17,5,0,"Bitcoin Up or Down - March 19, 6:20PM-6:25PM ET"
2026-03-19 22:22:43.000,BUY,Up,0.17000000168037657,77.363611,0,"Bitcoin Up or Down - March 19, 6:20PM-6:25PM ET"
2026-03-19 22:22:43.000,BUY,Up,0.17,7,0,"Bitcoin Up or Down - March 19, 6:20PM-6:25PM ET"
2026-03-19 22:22:43.000,BUY,Up,0.1700000207500306,2.409635,0,"Bitcoin Up or Down - March 19, 6:20PM-6:25PM ET"
2026-03-19 22:22:35.000,BUY,Up,0.18000001640001606,1.219511,0,"Bitcoin Up or Down - March 19, 6:20PM-6:25PM ET"
2026-03-19 22:22:35.000,BUY,Up,0.18000001640001606,1.219511,0,"Bitcoin Up or Down - March 19, 6:20PM-6:25PM ET"
2026-03-19 22:22:35.000,BUY,Up,0.18000001640001606,1.219511,0,"Bitcoin Up or Down - March 19, 6:20PM-6:25PM ET"
2026-03-19 22:22:35.000,BUY,Up,0.18,5.27,0,"Bitcoin Up or Down - March 19, 6:20PM-6:25PM ET"
2026-03-19 22:22:35.000,BUY,Up,0.18,6,0,"Bitcoin Up or Down - March 19, 6:20PM-6:25PM ET"
2026-03-19 22:22:35.000,BUY,Up,0.18000001490911774,1.341461,0,"Bitcoin Up or Down - March 19, 6:20PM-6:25PM ET"
2026-03-19 22:22:35.000,BUY,Up,0.18000001490911774,1.341461,0,"Bitcoin Up or Down - March 19, 6:20PM-6:25PM ET"
2026-03-19 22:22:35.000,BUY,Up,0.18000000068447417,29.219511,0,"Bitcoin Up or Down - March 19, 6:20PM-6:25PM ET"
2026-03-19 22:22:35.000,BUY,Up,0.18000006449452188,2.170727,0,"Bitcoin Up or Down - March 19, 6:20PM-6:25PM ET"
2026-03-19 22:22:35.000,BUY,Up,0.18,21.2,0,"Bitcoin Up or Down - March 19, 6:20PM-6:25PM ET"
2026-03-19 22:22:35.000,BUY,Up,0.1800000404839041,1.976094,0,"Bitcoin Up or Down - March 19, 6:20PM-6:25PM ET"
2026-03-19 22:22:33.000,BUY,Up,0.15,39.2,0,"Bitcoin Up or Down - March 19, 6:20PM-6:25PM ET"
2026-03-19 22:22:33.000,BUY,Up,0.15000003663800843,2.729406,0,"Bitcoin Up or Down - March 19, 6:20PM-6:25PM ET"
2026-03-19 22:22:31.000,BUY,Up,0.15,5.1,0,"Bitcoin Up or Down - March 19, 6:20PM-6:25PM ET"
2026-03-19 22:22:31.000,BUY,Up,0.15,14.96,0,"Bitcoin Up or Down - March 19, 6:20PM-6:25PM ET"
2026-03-19 22:22:31.000,,,0,553.691737,0,"Bitcoin Up or Down - March 19, 6:20PM-6:25PM ET"
2026-03-19 22:22:31.000,BUY,Up,0.15,2.35294,0,"Bitcoin Up or Down - March 19, 6:20PM-6:25PM ET"
2026-03-19 22:22:31.000,BUY,Up,0.15,6,0,"Bitcoin Up or Down - March 19, 6:20PM-6:25PM ET"
2026-03-19 22:22:31.000,BUY,Up,0.1500000850003315,1.176466,0,"Bitcoin Up or Down - March 19, 6:20PM-6:25PM ET"
2026-03-19 22:22:31.000,BUY,Up,0.15,5.1,0,"Bitcoin Up or Down - March 19, 6:20PM-6:25PM ET"
2026-03-19 22:22:31.000,BUY,Up,0.15,21.6,0,"Bitcoin Up or Down - March 19, 6:20PM-6:25PM ET"
2026-03-19 22:22:29.000,BUY,Up,0.15,1.7647,0,"Bitcoin Up or Down - March 19, 6:20PM-6:25PM ET"
2026-03-19 22:22:27.000,BUY,Up,0.1500000850003315,1.176466,0,"Bitcoin Up or Down - March 19, 6:20PM-6:25PM ET"
2026-03-19 22:22:25.000,BUY,Up,0.15,2.99,0,"Bitcoin Up or Down - March 19, 6:20PM-6:25PM ET"
2026-03-19 22:22:25.000,BUY,Up,0.15,2.65,0,"Bitcoin Up or Down - March 19, 6:20PM-6:25PM ET"
2026-03-19 22:22:25.000,BUY,Up,0.1500000850003315,1.176466,0,"Bitcoin Up or Down - March 19, 6:20PM-6:25PM ET"
2026-03-19 22:22:25.000,BUY,Up,0.15,15.08,0,"Bitcoin Up or Down - March 19, 6:20PM-6:25PM ET"
2026-03-19 22:22:23.000,BUY,Down,0.9,39.23,0,"Ethereum Up or Down - March 19, 6:20PM-6:25PM ET"
2026-03-19 22:22:17.000,BUY,Up,0.16000000336000167,11.904756,0,"Bitcoin Up or Down - March 19, 6:20PM-6:25PM ET"
2026-03-19 22:22:17.000,BUY,Up,0.16,51.34,0,"Bitcoin Up or Down - March 19, 6:20PM-6:25PM ET"
2026-03-19 22:22:17.000,BUY,Up,0.16,5.1,0,"Bitcoin Up or Down - March 19, 6:20PM-6:25PM ET"
2026-03-19 22:22:15.000,BUY,Up,0.16000000270858547,29.535712,0,"Bitcoin Up or Down - March 19, 6:20PM-6:25PM ET"
2026-03-19 22:22:15.000,BUY,Up,0.16,2.11,0,"Bitcoin Up or Down - March 19, 6:20PM-6:25PM ET"
2026-03-19 22:22:11.000,BUY,Down,0.8099999961361659,28.300561000000002,0,"Bitcoin Up or Down - March 19, 6:20PM-6:25PM ET"
2026-03-19 22:22:11.000,BUY,Down,0.8900000968000116,9.090908,0,"Ethereum Up or Down - March 19, 6:20PM-6:25PM ET"
2026-03-19 22:22:09.000,BUY,Down,0.7277639751552795,6.376810000000001,0,"Solana Up or Down - March 19, 6:20PM-6:25PM ET"
2026-03-19 22:22:07.000,BUY,Down,0.85,3.92,0,"Ethereum Up or Down - March 19, 6:20PM-6:25PM ET"
2026-03-19 22:22:07.000,BUY,Down,0.79,24.89751,0,"Bitcoin Up or Down - March 19, 6:20PM-6:25PM ET"
2026-03-19 22:22:05.000,BUY,Down,0.8500001125000282,6.666665,0,"Ethereum Up or Down - March 19, 6:20PM-6:25PM ET"
2026-03-19 22:22:05.000,BUY,Down,0.69,4.94281,0,"Solana Up or Down - March 19, 6:20PM-6:25PM ET"
2026-03-19 22:22:05.000,BUY,Down,0.85,8,0,"Ethereum Up or Down - March 19, 6:20PM-6:25PM ET"
2026-03-19 22:22:05.000,BUY,Down,0.850000060000006,13.333332,0,"Ethereum Up or Down - March 19, 6:20PM-6:25PM ET"
2026-03-19 22:22:03.000,BUY,Down,0.6899999469230402,5.58752,0,"Solana Up or Down - March 19, 6:20PM-6:25PM ET"
2026-03-19 22:22:03.000,BUY,Down,0.6899999696899082,5.544543,0,"Solana Up or Down - March 19, 6:20PM-6:25PM ET"
2026-03-19 22:22:03.000,BUY,Down,0.85,18.07,0,"Ethereum Up or Down - March 19, 6:20PM-6:25PM ET"
2026-03-19 22:22:01.000,BUY,Down,0.1899998859999734,6.278398,0,"XRP Up or Down - March 19, 6:20PM-6:25PM ET"
2026-03-19 22:22:01.000,BUY,Up,0.22,10.05,0,"Bitcoin Up or Down - March 19, 6:20PM-6:25PM ET"
2026-03-19 22:22:01.000,BUY,Up,0.22,29.3391,0,"Bitcoin Up or Down - March 19, 6:20PM-6:25PM ET"
2026-03-19 22:21:53.000,BUY,Up,0.32,7.14,0,"Bitcoin Up or Down - March 19, 6:20PM-6:25PM ET"
2026-03-19 22:21:51.000,BUY,Up,0.32,5,0,"Bitcoin Up or Down - March 19, 6:20PM-6:25PM ET"
2026-03-19 22:21:51.000,BUY,Up,0.32,2,0,"Bitcoin Up or Down - March 19, 6:20PM-6:25PM ET"
2026-03-19 22:21:37.000,BUY,Down,0.78000008360001,9.090908,0,"Ethereum Up or Down - March 19, 6:20PM-6:25PM ET"
2026-03-19 22:21:37.000,BUY,Down,0.7800001452000493,4.545453,0,"Ethereum Up or Down - March 19, 6:20PM-6:25PM ET"
2026-03-19 22:21:35.000,BUY,Down,0.78,8.64,0,"Ethereum Up or Down - March 19, 6:20PM-6:25PM ET"
2026-03-19 22:21:35.000,BUY,Down,0.7800001107483189,6.681817,0,"Ethereum Up or Down - March 19, 6:20PM-6:25PM ET"
2026-03-19 22:21:35.000,BUY,Down,0.78,0.82,0,"Ethereum Up or Down - March 19, 6:20PM-6:25PM ET"
2026-03-19 22:21:33.000,BUY,Down,0.7,191.22537999999997,0,"Bitcoin Up or Down - March 19, 6:20PM-6:25PM ET"
2026-03-19 22:21:31.000,BUY,Down,0.7600000692307826,8.666665,0,"Ethereum Up or Down - March 19, 6:20PM-6:25PM ET"
2026-03-19 22:21:29.000,BUY,Down,0.76,1.96,0,"Ethereum Up or Down - March 19, 6:20PM-6:25PM ET"
2026-03-19 22:21:29.000,BUY,Down,0.76,5,0,"Ethereum Up or Down - March 19, 6:20PM-6:25PM ET"
2026-03-19 22:21:23.000,BUY,Down,0.64,5.21117,0,"Solana Up or Down - March 19, 6:20PM-6:25PM ET"
2026-03-19 22:21:21.000,BUY,Down,0.72,6.32,0,"Ethereum Up or Down - March 19, 6:20PM-6:25PM ET"
2026-03-19 22:21:19.000,BUY,Up,0.31000003865047987,6.726954,0,"Bitcoin Up or Down - March 19, 6:20PM-6:25PM ET"
2026-03-19 22:21:15.000,BUY,Down,0.64,97.68617,0,"Bitcoin Up or Down - March 19, 6:20PM-6:25PM ET"
2026-03-19 22:21:13.000,BUY,Up,0.36,10,0,"Bitcoin Up or Down - March 19, 6:20PM-6:25PM ET"
2026-03-19 22:21:11.000,BUY,Up,0.36,1,0,"Bitcoin Up or Down - March 19, 6:20PM-6:25PM ET"
2026-03-19 22:21:11.000,BUY,Up,0.36,5,0,"Bitcoin Up or Down - March 19, 6:20PM-6:25PM ET"
2026-03-19 22:21:11.000,BUY,Up,0.36,10,0,"Bitcoin Up or Down - March 19, 6:20PM-6:25PM ET"
2026-03-19 22:21:11.000,BUY,Up,0.36,2,0,"Bitcoin Up or Down - March 19, 6:20PM-6:25PM ET"
2026-03-19 22:21:11.000,BUY,Up,0.36,2.1875,0,"Bitcoin Up or Down - March 19, 6:20PM-6:25PM ET"
2026-03-19 22:21:11.000,BUY,Up,0.36,5,0,"Bitcoin Up or Down - March 19, 6:20PM-6:25PM ET"
2026-03-19 22:21:21.000,BUY,Down,0.72,6.32,0,"Ethereum Up or Down - March 19, 6:20PM-6:25PM ET"
2026-03-19 22:21:19.000,BUY,Up,0.31000003865047987,6.726954,0,"Bitcoin Up or Down - March 19, 6:20PM-6:25PM ET"
2026-03-19 22:21:15.000,BUY,Down,0.64,97.68617,0,"Bitcoin Up or Down - March 19, 6:20PM-6:25PM ET"
2026-03-19 22:21:13.000,BUY,Up,0.36,10,0,"Bitcoin Up or Down - March 19, 6:20PM-6:25PM ET"
2026-03-19 22:21:11.000,BUY,Up,0.36,1,0,"Bitcoin Up or Down - March 19, 6:20PM-6:25PM ET"
2026-03-19 22:21:11.000,BUY,Up,0.36,5,0,"Bitcoin Up or Down - March 19, 6:20PM-6:25PM ET"
2026-03-19 22:21:11.000,BUY,Up,0.36,10,0,"Bitcoin Up or Down - March 19, 6:20PM-6:25PM ET"
2026-03-19 22:21:11.000,BUY,Up,0.36,2,0,"Bitcoin Up or Down - March 19, 6:20PM-6:25PM ET"
2026-03-19 22:21:11.000,BUY,Up,0.36,2.1875,0,"Bitcoin Up or Down - March 19, 6:20PM-6:25PM ET"
2026-03-19 22:21:11.000,BUY,Up,0.36,5,0,"Bitcoin Up or Down - March 19, 6:20PM-6:25PM ET"
2026-03-19 22:21:11.000,BUY,Up,0.36,1,0,"Bitcoin Up or Down - March 19, 6:20PM-6:25PM ET"
2026-03-19 22:21:09.000,BUY,Up,0.36,1,0,"Bitcoin Up or Down - March 19, 6:20PM-6:25PM ET"
2026-03-19 22:21:09.000,BUY,Up,0.36,1,0,"Bitcoin Up or Down - March 19, 6:20PM-6:25PM ET"
2026-03-19 22:21:09.000,BUY,Up,0.36,1,0,"Bitcoin Up or Down - March 19, 6:20PM-6:25PM ET"
2026-03-19 22:21:09.000,BUY,Up,0.36,1,0,"Bitcoin Up or Down - March 19, 6:20PM-6:25PM ET"
2026-03-19 22:21:09.000,BUY,Up,0.36,1,0,"Bitcoin Up or Down - March 19, 6:20PM-6:25PM ET"
2026-03-19 22:21:09.000,BUY,Up,0.36,2,0,"Bitcoin Up or Down - March 19, 6:20PM-6:25PM ET"
2026-03-19 22:21:07.000,BUY,Up,0.36,13.66,0,"Bitcoin Up or Down - March 19, 6:20PM-6:25PM ET"
2026-03-19 22:21:07.000,BUY,Up,0.36,3.015625,0,"Bitcoin Up or Down - March 19, 6:20PM-6:25PM ET"
2026-03-19 22:21:07.000,BUY,Up,0.36,1,0,"Bitcoin Up or Down - March 19, 6:20PM-6:25PM ET"
2026-03-19 22:21:07.000,BUY,Up,0.36,1,0,"Bitcoin Up or Down - March 19, 6:20PM-6:25PM ET"
2026-03-19 22:20:55.000,BUY,Up,0.42,100,0,"Bitcoin Up or Down - March 19, 6:20PM-6:25PM ET"
2026-03-19 22:20:55.000,BUY,Down,0.56,99.15186000000001,0,"Bitcoin Up or Down - March 19, 6:20PM-6:25PM ET"
2026-03-19 22:20:49.000,BUY,Down,0.4700004240008722,0.660376,0,"Ethereum Up or Down - March 19, 6:20PM-6:25PM ET"
2026-03-19 22:20:49.000,BUY,Up,0.45,4.92343,0,"Bitcoin Up or Down - March 19, 6:20PM-6:25PM ET"
2026-03-19 22:20:49.000,BUY,Up,0.54,42.47454,0,"Ethereum Up or Down - March 19, 6:20PM-6:25PM ET"
2026-03-19 22:20:47.000,BUY,Down,0.46,48.27,0,"Ethereum Up or Down - March 19, 6:20PM-6:25PM ET"
2026-03-19 22:20:47.000,BUY,Down,0.4600000580833089,1.721665,0,"Ethereum Up or Down - March 19, 6:20PM-6:25PM ET"
2026-03-19 22:20:47.000,BUY,Up,0.5333294262013182,49.841369,0,"Ethereum Up or Down - March 19, 6:20PM-6:25PM ET"
2026-03-19 22:20:47.000,BUY,Up,0.5299999931296294,50.153135000000006,0,"Ethereum Up or Down - March 19, 6:20PM-6:25PM ET"
2026-03-19 22:20:47.000,BUY,Down,0.47,13.66,0,"Ethereum Up or Down - March 19, 6:20PM-6:25PM ET"
2026-03-19 22:20:47.000,BUY,Down,0.47000000785185214,35.660376,0,"Ethereum Up or Down - March 19, 6:20PM-6:25PM ET"
2026-03-19 22:20:47.000,BUY,Up,0.4380898992375305,5.620139,0,"Solana Up or Down - March 19, 6:20PM-6:25PM ET"
2026-03-19 22:20:41.000,BUY,Down,0.64,0.65,0,"Bitcoin Up or Down - March 19, 6:20PM-6:25PM ET"
2026-03-19 22:20:41.000,BUY,Up,0.4,5.96288,0,"Solana Up or Down - March 19, 6:20PM-6:25PM ET"
2026-03-19 22:20:39.000,BUY,Down,0.6300000106066671,40.540539,0,"Bitcoin Up or Down - March 19, 6:20PM-6:25PM ET"
2026-03-19 22:20:39.000,BUY,Down,0.6400000032209722,99.348887,0,"Bitcoin Up or Down - March 19, 6:20PM-6:25PM ET"
2026-03-19 22:20:39.000,BUY,Down,0.65,98.7061,0,"Bitcoin Up or Down - March 19, 6:20PM-6:25PM ET"
2026-03-19 22:20:39.000,BUY,Down,0.6499999627506972,5.299758,0,"Solana Up or Down - March 19, 6:20PM-6:25PM ET"
2026-03-19 22:20:35.000,,,0,1256.670362,0,"Bitcoin Up or Down - March 19, 6:15PM-6:20PM ET"
2026-03-19 22:20:33.000,BUY,Up,0.33999993365851716,5.9535100000000005,0,"Solana Up or Down - March 19, 6:20PM-6:25PM ET"
2026-03-19 22:20:33.000,BUY,Up,0.6078689177725701,22.120315,0,"XRP Up or Down - March 19, 6:20PM-6:25PM ET"
2026-03-19 22:20:33.000,BUY,Up,0.5683905476006882,9.66949,0,"XRP Up or Down - March 19, 6:20PM-6:25PM ET"
2026-03-19 22:20:31.000,BUY,Down,0.55,4.92343,0,"Ethereum Up or Down - March 19, 6:20PM-6:25PM ET"
2026-03-19 22:20:29.000,BUY,Down,0.52,5.338615,0,"Solana Up or Down - March 19, 6:20PM-6:25PM ET"
2026-03-19 22:20:29.000,BUY,Down,0.5399999482428,5.706885,0,"Solana Up or Down - March 19, 6:20PM-6:25PM ET"
2026-03-19 22:20:29.000,BUY,Down,0.44,100,0,"Bitcoin Up or Down - March 19, 6:20PM-6:25PM ET"
2026-03-19 22:20:29.000,BUY,Down,0.33084167869354814,8.628263,0,"XRP Up or Down - March 19, 6:20PM-6:25PM ET"
2026-03-19 22:20:25.000,BUY,Up,0.5306574362136457,5.26886,0,"Solana Up or Down - March 19, 6:20PM-6:25PM ET"
2026-03-19 22:20:25.000,BUY,Up,0.58,1.97033,0,"Ethereum Up or Down - March 19, 6:20PM-6:25PM ET"
2026-03-19 22:20:25.000,BUY,Up,0.54,14.76862,0,"Bitcoin Up or Down - March 19, 6:20PM-6:25PM ET"
2026-03-19 22:20:25.000,BUY,Up,0.53,5,0,"Bitcoin Up or Down - March 19, 6:20PM-6:25PM ET"
2026-03-19 22:20:25.000,BUY,Up,0.53,5,0,"Bitcoin Up or Down - March 19, 6:20PM-6:25PM ET"
2026-03-19 22:20:25.000,BUY,Up,0.53,5,0,"Bitcoin Up or Down - March 19, 6:20PM-6:25PM ET"
2026-03-19 22:20:25.000,BUY,Up,0.53,5,0,"Bitcoin Up or Down - March 19, 6:20PM-6:25PM ET"
2026-03-19 22:20:25.000,BUY,Up,0.53,5,0,"Bitcoin Up or Down - March 19, 6:20PM-6:25PM ET"
2026-03-19 22:20:25.000,BUY,Up,0.53,4.57,0,"Bitcoin Up or Down - March 19, 6:20PM-6:25PM ET"
2026-03-19 22:20:25.000,BUY,Up,0.53,5,0,"Bitcoin Up or Down - March 19, 6:20PM-6:25PM ET"
2026-03-19 22:20:25.000,BUY,Up,0.53,5,0,"Bitcoin Up or Down - March 19, 6:20PM-6:25PM ET"
2026-03-19 22:20:23.000,BUY,Up,0.5200001728001106,2.083332,0,"Ethereum Up or Down - March 19, 6:20PM-6:25PM ET"
2026-03-19 22:20:23.000,BUY,Up,0.5200001728001106,2.083332,0,"Ethereum Up or Down - March 19, 6:20PM-6:25PM ET"
2026-03-19 22:20:23.000,BUY,Up,0.52,31,0,"Ethereum Up or Down - March 19, 6:20PM-6:25PM ET"
2026-03-19 22:20:23.000,BUY,Up,0.52,3,0,"Ethereum Up or Down - March 19, 6:20PM-6:25PM ET"
2026-03-19 22:20:21.000,BUY,Up,0.55,11.95,0,"Ethereum Up or Down - March 19, 6:20PM-6:25PM ET"
2026-03-19 22:20:21.000,BUY,Up,0.7069918228721542,13.614894,0,"XRP Up or Down - March 19, 6:20PM-6:25PM ET"
2026-03-19 22:20:21.000,BUY,Up,0.5200005684222493,0.633332,0,"Ethereum Up or Down - March 19, 6:20PM-6:25PM ET"
2026-03-19 22:20:21.000,BUY,Up,0.5200001728001106,2.083332,0,"Ethereum Up or Down - March 19, 6:20PM-6:25PM ET"
2026-03-19 22:20:19.000,BUY,Up,0.55,38.05,0,"Ethereum Up or Down - March 19, 6:20PM-6:25PM ET"
2026-03-19 22:20:19.000,BUY,Up,0.56,8.6,0,"Ethereum Up or Down - March 19, 6:20PM-6:25PM ET"
2026-03-19 22:20:19.000,BUY,Up,0.5600000110924375,32.454544,0,"Ethereum Up or Down - March 19, 6:20PM-6:25PM ET"
2026-03-19 22:20:17.000,BUY,Down,0.44,5,0,"Bitcoin Up or Down - March 19, 6:20PM-6:25PM ET"
2026-03-19 22:20:17.000,BUY,Down,0.44,5,0,"Bitcoin Up or Down - March 19, 6:20PM-6:25PM ET"
2026-03-19 22:20:17.000,BUY,Down,0.4400000224000036,8.92857,0,"Bitcoin Up or Down - March 19, 6:20PM-6:25PM ET"
2026-03-19 22:20:17.000,BUY,Down,0.4400001568001129,1.785713,0,"Bitcoin Up or Down - March 19, 6:20PM-6:25PM ET"
2026-03-19 22:20:17.000,BUY,Down,0.4400000224000036,17.85714,0,"Bitcoin Up or Down - March 19, 6:20PM-6:25PM ET"
2026-03-19 22:20:15.000,BUY,Up,0.5599999589409315,8.634776,0,"Solana Up or Down - March 19, 6:20PM-6:25PM ET"
2026-03-19 22:20:13.000,BUY,Up,0.6200000579047806,5.526314,0,"Ethereum Up or Down - March 19, 6:20PM-6:25PM ET"
2026-03-19 22:20:11.000,BUY,Up,0.6145035167965607,8.969163,0,"XRP Up or Down - March 19, 6:20PM-6:25PM ET"
2026-03-19 22:20:11.000,BUY,Down,0.4400000045252534,8.839284,0,"Bitcoin Up or Down - March 19, 6:20PM-6:25PM ET"
2026-03-19 22:20:11.000,BUY,Up,0.62,16.7641,0,"Ethereum Up or Down - March 19, 6:20PM-6:25PM ET"
2026-03-19 22:20:11.000,BUY,Down,0.44,31,0,"Bitcoin Up or Down - March 19, 6:20PM-6:25PM ET"
2026-03-19 22:20:09.000,BUY,Down,0.4,11.35,0,"Ethereum Up or Down - March 19, 6:20PM-6:25PM ET"
2026-03-19 22:20:09.000,BUY,Down,0.44,11,0,"Bitcoin Up or Down - March 19, 6:20PM-6:25PM ET"
2026-03-19 22:20:09.000,BUY,Down,0.4000000286396236,6.983332,0,"Ethereum Up or Down - March 19, 6:20PM-6:25PM ET"
2026-03-19 22:20:09.000,BUY,Down,0.44,5.5,0,"Bitcoin Up or Down - March 19, 6:20PM-6:25PM ET"
2026-03-19 22:20:09.000,BUY,Up,0.5366666666666666,14.76814,0,"XRP Up or Down - March 19, 6:20PM-6:25PM ET"
2026-03-19 22:20:09.000,BUY,Down,0.44,20.1,0,"Bitcoin Up or Down - March 19, 6:20PM-6:25PM ET"
2026-03-19 22:20:09.000,BUY,Up,0.55,172.32004,0,"Bitcoin Up or Down - March 19, 6:20PM-6:25PM ET"
2026-03-19 22:20:09.000,BUY,Down,0.39,50,0,"Ethereum Up or Down - March 19, 6:20PM-6:25PM ET"
2026-03-19 22:20:09.000,BUY,Down,0.4,11.25,0,"Ethereum Up or Down - March 19, 6:20PM-6:25PM ET"
2026-03-19 22:20:09.000,BUY,Down,0.44000013006456984,2.767856,0,"Bitcoin Up or Down - March 19, 6:20PM-6:25PM ET"
2026-03-19 22:20:09.000,BUY,Down,0.44,51.79,0,"Bitcoin Up or Down - March 19, 6:20PM-6:25PM ET"
2026-03-19 22:20:07.000,BUY,Down,0.44,3.86,0,"Bitcoin Up or Down - March 19, 6:15PM-6:20PM ET"
2026-03-19 22:20:07.000,,,0,41.614366,0,"XRP Up or Down - March 19, 6:10PM-6:15PM ET"
2026-03-19 22:20:07.000,,,0,498.458296,0,"Bitcoin Up or Down - March 19, 6:10PM-6:15PM ET"
2026-03-19 22:20:07.000,,,0,398.86322,0,"Ethereum Up or Down - March 19, 6:10PM-6:15PM ET"
2026-03-19 22:20:07.000,,,0,56.436379,0,"Solana Up or Down - March 19, 6:10PM-6:15PM ET"
2026-03-19 22:20:01.000,BUY,Up,0.35999996020099945,10.908844,0,"Bitcoin Up or Down - March 19, 6:15PM-6:20PM ET"
2026-03-19 22:19:59.000,BUY,Down,0.44000000896000346,4.464284,0,"Bitcoin Up or Down - March 19, 6:15PM-6:20PM ET"
2026-03-19 22:19:59.000,BUY,Up,0.3499999245097906,7.1914430000000005,0,"Bitcoin Up or Down - March 19, 6:15PM-6:20PM ET"
2026-03-19 22:19:59.000,BUY,Down,0.14797008156855976,10.500774999999999,0,"Solana Up or Down - March 19, 6:15PM-6:20PM ET"
2026-03-19 22:19:59.000,BUY,Down,0.15,17.32929,0,"Solana Up or Down - March 19, 6:15PM-6:20PM ET"
2026-03-19 22:19:59.000,BUY,Down,0.8197970682312743,323.913386,0,"Bitcoin Up or Down - March 19, 6:15PM-6:20PM ET"
2026-03-19 22:19:59.000,BUY,Down,0.8651112009395182,108.286646,0,"Bitcoin Up or Down - March 19, 6:15PM-6:20PM ET"
2026-03-19 22:19:59.000,BUY,Down,0.8499999995478723,110.138803,0,"Bitcoin Up or Down - March 19, 6:15PM-6:20PM ET"
2026-03-19 22:19:59.000,BUY,Down,0.1559084690843326,15.007679999999999,0,"Solana Up or Down - March 19, 6:15PM-6:20PM ET"
2026-03-19 22:19:57.000,BUY,Down,0.8200001050000263,6.666665,0,"Bitcoin Up or Down - March 19, 6:15PM-6:20PM ET"
2026-03-19 22:19:57.000,BUY,Down,0.44,1.77,0,"Bitcoin Up or Down - March 19, 6:15PM-6:20PM ET"
2026-03-19 22:19:57.000,BUY,Down,0.82,50,0,"Bitcoin Up or Down - March 19, 6:15PM-6:20PM ET"
2026-03-19 22:19:57.000,BUY,Down,0.440000079191948,3.535713,0,"Bitcoin Up or Down - March 19, 6:15PM-6:20PM ET"
2026-03-19 22:19:57.000,BUY,Down,0.4400000386207003,5.17857,0,"Bitcoin Up or Down - March 19, 6:15PM-6:20PM ET"
2026-03-19 22:19:57.000,BUY,Down,0.45,98.4686,0,"Bitcoin Up or Down - March 19, 6:15PM-6:20PM ET"
2026-03-19 22:19:57.000,BUY,Up,0.5399999994940978,194.617535,0,"Bitcoin Up or Down - March 19, 6:15PM-6:20PM ET"
2026-03-19 22:19:55.000,BUY,Down,0.44,6.01,0,"Bitcoin Up or Down - March 19, 6:15PM-6:20PM ET"
2026-03-19 22:19:55.000,BUY,Down,0.44,70,0,"Bitcoin Up or Down - March 19, 6:15PM-6:20PM ET"
2026-03-19 22:19:55.000,BUY,Down,0.44,5,0,"Bitcoin Up or Down - March 19, 6:15PM-6:20PM ET"
2026-03-19 22:19:55.000,BUY,Down,0.44,0.17,0,"Bitcoin Up or Down - March 19, 6:15PM-6:20PM ET"
2026-03-19 22:19:51.000,BUY,Up,0.98,58.80436,0,"Ethereum Up or Down - March 19, 6:15PM-6:20PM ET"
2026-03-19 22:19:49.000,BUY,Up,0.97,78.8905,0,"Ethereum Up or Down - March 19, 6:15PM-6:20PM ET"
2026-03-19 22:19:49.000,BUY,Up,0.3699999221052503,7.091538,0,"Bitcoin Up or Down - March 19, 6:15PM-6:20PM ET"
2026-03-19 22:19:49.000,BUY,Up,0.3548161262021415,55.628741,0,"Bitcoin Up or Down - March 19, 6:15PM-6:20PM ET"
2026-03-19 22:19:49.000,BUY,Up,0.34999998547047895,30.570687,0,"Bitcoin Up or Down - March 19, 6:15PM-6:20PM ET"
2026-03-19 22:19:49.000,BUY,Down,0.82,9.97,0,"Bitcoin Up or Down - March 19, 6:15PM-6:20PM ET"
2026-03-19 22:19:49.000,BUY,Down,0.8200001033043783,6.388887,0,"Bitcoin Up or Down - March 19, 6:15PM-6:20PM ET"
2026-03-19 22:19:49.000,BUY,Down,0.8200000274435485,26.964443,0,"Bitcoin Up or Down - March 19, 6:15PM-6:20PM ET"
2026-03-19 22:19:45.000,BUY,Down,0.07000000962071609,3.118271,0,"Ethereum Up or Down - March 19, 6:15PM-6:20PM ET"
2026-03-19 22:19:45.000,BUY,Down,0.07,10.75,0,"Ethereum Up or Down - March 19, 6:15PM-6:20PM ET"
2026-03-19 22:19:45.000,BUY,Down,0.07,5.38,0,"Ethereum Up or Down - March 19, 6:15PM-6:20PM ET"
2026-03-19 22:19:45.000,BUY,Down,0.07,9.86,0,"Ethereum Up or Down - March 19, 6:15PM-6:20PM ET"
2026-03-19 22:19:45.000,BUY,Down,0.07000000465000138,10.752685,0,"Ethereum Up or Down - March 19, 6:15PM-6:20PM ET"
2026-03-19 22:19:43.000,BUY,Up,0.7699999869333288,10.630272000000001,0,"XRP Up or Down - March 19, 6:15PM-6:20PM ET"
2026-03-19 22:19:43.000,BUY,Up,0.1,95.8056,0,"Bitcoin Up or Down - March 19, 6:15PM-6:20PM ET"
2026-03-19 22:19:43.000,BUY,Up,0.1,48.701179999999994,0,"Bitcoin Up or Down - March 19, 6:15PM-6:20PM ET"
2026-03-19 22:19:43.000,BUY,Down,0.91,1.05,0,"Bitcoin Up or Down - March 19, 6:15PM-6:20PM ET"
2026-03-19 22:19:43.000,BUY,Down,0.07,17.89,0,"Ethereum Up or Down - March 19, 6:15PM-6:20PM ET"
2026-03-19 22:19:43.000,BUY,Down,0.9100000169772734,48.888887,0,"Bitcoin Up or Down - March 19, 6:15PM-6:20PM ET"
2026-03-19 22:19:43.000,BUY,Down,0.9100000810000081,11.11111,0,"Bitcoin Up or Down - March 19, 6:15PM-6:20PM ET"
2026-03-19 22:19:43.000,BUY,Down,0.91,5.12,0,"Bitcoin Up or Down - March 19, 6:15PM-6:20PM ET"
2026-03-19 22:19:43.000,BUY,Up,0.91,11.179030000000001,0,"XRP Up or Down - March 19, 6:15PM-6:20PM ET"
2026-03-19 22:19:43.000,BUY,Up,0.904067881936991,11.205912,0,"XRP Up or Down - March 19, 6:15PM-6:20PM ET"
2026-03-19 22:19:43.000,BUY,Up,0.04,21.29215,0,"Bitcoin Up or Down - March 19, 6:15PM-6:20PM ET"
2026-03-19 22:19:43.000,BUY,Up,0.9099999980345568,5.079381,0,"XRP Up or Down - March 19, 6:15PM-6:20PM ET"
2026-03-19 22:19:43.000,BUY,Up,0.1737930128703749,8.014034,0,"Solana Up or Down - March 19, 6:15PM-6:20PM ET"
2026-03-19 22:19:41.000,BUY,Up,0.82,39.03,0,"Ethereum Up or Down - March 19, 6:15PM-6:20PM ET"
2026-03-19 22:19:41.000,BUY,Up,0.820000151595785,5.013332,0,"Ethereum Up or Down - March 19, 6:15PM-6:20PM ET"
2026-03-19 22:19:41.000,BUY,Up,0.7794117647058824,13.4995,0,"Ethereum Up or Down - March 19, 6:15PM-6:20PM ET"
2026-03-19 22:19:41.000,BUY,Up,0.8200001244860116,5.944443,0,"Ethereum Up or Down - March 19, 6:15PM-6:20PM ET"
2026-03-19 22:19:37.000,BUY,Up,0.65,5,0,"Ethereum Up or Down - March 19, 6:15PM-6:20PM ET"
2026-03-19 22:19:37.000,BUY,Up,0.65,5,0,"Ethereum Up or Down - March 19, 6:15PM-6:20PM ET"
2026-03-19 22:19:35.000,BUY,Down,0.48,6.26,0,"Ethereum Up or Down - March 19, 6:15PM-6:20PM ET"
2026-03-19 22:19:33.000,BUY,Up,0.04,133.20088,0,"Bitcoin Up or Down - March 19, 6:15PM-6:20PM ET"
2026-03-19 22:19:33.000,BUY,Up,0.45999999474285697,52.439288000000005,0,"Ethereum Up or Down - March 19, 6:15PM-6:20PM ET"
2026-03-19 22:19:31.000,BUY,Down,0.93,76.45,0,"Bitcoin Up or Down - March 19, 6:15PM-6:20PM ET"
2026-03-19 22:19:31.000,BUY,Up,0.43,50,0,"Ethereum Up or Down - March 19, 6:15PM-6:20PM ET"
2026-03-19 22:19:31.000,BUY,Up,0.6,4.928,0,"XRP Up or Down - March 19, 6:15PM-6:20PM ET"
2026-03-19 22:19:27.000,BUY,Down,0.6,50,0,"Ethereum Up or Down - March 19, 6:15PM-6:20PM ET"
2026-03-19 22:19:25.000,BUY,Up,0.04,9.99632,0,"Bitcoin Up or Down - March 19, 6:15PM-6:20PM ET"
2026-03-19 22:19:25.000,BUY,Down,0.59,5.95,0,"Ethereum Up or Down - March 19, 6:15PM-6:20PM ET"
2026-03-19 22:19:25.000,BUY,Up,0.5566001712347064,20.275774,0,"XRP Up or Down - March 19, 6:15PM-6:20PM ET"
2026-03-19 22:19:25.000,BUY,Up,0.5099999530750535,7.971608000000001,0,"XRP Up or Down - March 19, 6:15PM-6:20PM ET"
2026-03-19 22:19:25.000,BUY,Up,0.5099999673475532,6.330971000000001,0,"XRP Up or Down - March 19, 6:15PM-6:20PM ET"
2026-03-19 22:19:23.000,BUY,Up,0.04,115.95724,0,"Bitcoin Up or Down - March 19, 6:15PM-6:20PM ET"
2026-03-19 22:19:23.000,BUY,Up,0.21,5.78989,0,"Ethereum Up or Down - March 19, 6:15PM-6:20PM ET"
2026-03-19 22:19:21.000,BUY,Up,0.04,25.99042,0,"Bitcoin Up or Down - March 19, 6:15PM-6:20PM ET"
2026-03-19 22:19:19.000,BUY,Up,0.04,14.204770000000002,0,"Bitcoin Up or Down - March 19, 6:15PM-6:20PM ET"
2026-03-19 22:19:17.000,BUY,Down,0.79,10.6,0,"Ethereum Up or Down - March 19, 6:15PM-6:20PM ET"
2026-03-19 22:19:17.000,BUY,Up,0.05,36.57936,0,"Bitcoin Up or Down - March 19, 6:15PM-6:20PM ET"
2026-03-19 22:19:13.000,BUY,Up,0.19000000764151512,6.543205,0,"Ethereum Up or Down - March 19, 6:15PM-6:20PM ET"
2026-03-19 22:19:09.000,BUY,Up,0.2,8,0,"Ethereum Up or Down - March 19, 6:15PM-6:20PM ET"
2026-03-19 22:19:09.000,BUY,Up,0.2,13,0,"Ethereum Up or Down - March 19, 6:15PM-6:20PM ET"
2026-03-19 22:19:07.000,BUY,Up,0.06,2.7178400000000003,0,"Bitcoin Up or Down - March 19, 6:15PM-6:20PM ET"
2026-03-19 22:18:53.000,BUY,Up,0.11999994521738654,15.290592,0,"XRP Up or Down - March 19, 6:15PM-6:20PM ET"
2026-03-19 22:18:51.000,BUY,Down,0.8800000393750025,21.333332,0,"Ethereum Up or Down - March 19, 6:15PM-6:20PM ET"
2026-03-19 22:18:51.000,BUY,Down,0.8800001008000161,8.333332,0,"Ethereum Up or Down - March 19, 6:15PM-6:20PM ET"
2026-03-19 22:18:51.000,BUY,Down,0.8800001008000161,8.333332,0,"Ethereum Up or Down - March 19, 6:15PM-6:20PM ET"
2026-03-19 22:18:51.000,BUY,Down,0.88,0.39,0,"Ethereum Up or Down - March 19, 6:15PM-6:20PM ET"
2026-03-19 22:18:49.000,BUY,Down,0.9,38.66,0,"Ethereum Up or Down - March 19, 6:15PM-6:20PM ET"
2026-03-19 22:18:47.000,BUY,Down,0.9,84.52,0,"Bitcoin Up or Down - March 19, 6:15PM-6:20PM ET"
2026-03-19 22:18:47.000,BUY,Down,0.9,5.48,0,"Bitcoin Up or Down - March 19, 6:15PM-6:20PM ET"
2026-03-19 22:18:47.000,BUY,Down,0.9,10,0,"Bitcoin Up or Down - March 19, 6:15PM-6:20PM ET"
2026-03-19 22:18:47.000,BUY,Up,0.08,27.91215,0,"Bitcoin Up or Down - March 19, 6:15PM-6:20PM ET"
2026-03-19 22:18:45.000,BUY,Up,0.05,5.26,0,"Ethereum Up or Down - March 19, 6:15PM-6:20PM ET"
2026-03-19 22:18:45.000,BUY,Up,0.05,6.31578,0,"Ethereum Up or Down - March 19, 6:15PM-6:20PM ET"
2026-03-19 22:18:45.000,BUY,Up,0.05,5,0,"Ethereum Up or Down - March 19, 6:15PM-6:20PM ET"
2026-03-19 22:18:43.000,BUY,Up,0.05,30.08,0,"Ethereum Up or Down - March 19, 6:15PM-6:20PM ET"
2026-03-19 22:18:31.000,,,0,748.323032,0,"Bitcoin Up or Down - March 19, 6:15PM-6:20PM ET"
2026-03-19 22:18:31.000,BUY,Down,0.9,100,0,"Bitcoin Up or Down - March 19, 6:15PM-6:20PM ET"
2026-03-19 22:18:27.000,BUY,Up,0.08,100,0,"Bitcoin Up or Down - March 19, 6:15PM-6:20PM ET"
2026-03-19 22:18:27.000,BUY,Up,0.07,100,0,"Bitcoin Up or Down - March 19, 6:15PM-6:20PM ET"
2026-03-19 22:18:23.000,BUY,Down,0.9,100,0,"Bitcoin Up or Down - March 19, 6:15PM-6:20PM ET"
2026-03-19 22:18:19.000,BUY,Up,0.07,100,0,"Bitcoin Up or Down - March 19, 6:15PM-6:20PM ET"
2026-03-19 22:18:17.000,BUY,Down,0.8900000086900002,90.909089,0,"Bitcoin Up or Down - March 19, 6:15PM-6:20PM ET"
2026-03-19 22:18:17.000,BUY,Down,0.89,8.95,0,"Bitcoin Up or Down - March 19, 6:15PM-6:20PM ET"
2026-03-19 22:18:15.000,BUY,Down,0.89,0.14,0,"Bitcoin Up or Down - March 19, 6:15PM-6:20PM ET"
2026-03-19 22:18:15.000,BUY,Down,0.89,100,0,"Bitcoin Up or Down - March 19, 6:15PM-6:20PM ET"
2026-03-19 22:18:13.000,BUY,Up,0.09,125.24962,0,"Bitcoin Up or Down - March 19, 6:15PM-6:20PM ET"
2026-03-19 22:18:11.000,BUY,Up,0.09,100,0,"Bitcoin Up or Down - March 19, 6:15PM-6:20PM ET"
2026-03-19 22:18:09.000,BUY,Down,0.8800001008000161,8.333332,0,"Bitcoin Up or Down - March 19, 6:15PM-6:20PM ET"
2026-03-19 22:18:09.000,BUY,Down,0.88,8.39,0,"Bitcoin Up or Down - March 19, 6:15PM-6:20PM ET"
2026-03-19 22:18:09.000,BUY,Down,0.91000081000081,1.11111,0,"Ethereum Up or Down - March 19, 6:15PM-6:20PM ET"
2026-03-19 22:18:09.000,BUY,Down,0.88,44.93,0,"Bitcoin Up or Down - March 19, 6:15PM-6:20PM ET"
2026-03-19 22:18:07.000,BUY,Down,0.88,38.34,0,"Bitcoin Up or Down - March 19, 6:15PM-6:20PM ET"
2026-03-19 22:18:07.000,BUY,Down,0.87,100,0,"Bitcoin Up or Down - March 19, 6:15PM-6:20PM ET"
2026-03-19 22:18:07.000,BUY,Down,0.88,100,0,"Bitcoin Up or Down - March 19, 6:15PM-6:20PM ET"
2026-03-19 22:18:03.000,BUY,Up,0.07,1.45,0,"Ethereum Up or Down - March 19, 6:15PM-6:20PM ET"
2026-03-19 22:18:01.000,BUY,Down,0.91,4.82,0,"Ethereum Up or Down - March 19, 6:15PM-6:20PM ET"
2026-03-19 22:17:59.000,BUY,Up,0.07,5,0,"Ethereum Up or Down - March 19, 6:15PM-6:20PM ET"
2026-03-19 22:17:59.000,BUY,Up,0.07000001116000433,5.376342,0,"Ethereum Up or Down - March 19, 6:15PM-6:20PM ET"
2026-03-19 22:17:59.000,BUY,Down,0.91,11.41,0,"Ethereum Up or Down - March 19, 6:15PM-6:20PM ET"
2026-03-19 22:17:59.000,BUY,Down,0.88,100,0,"Bitcoin Up or Down - March 19, 6:15PM-6:20PM ET"
2026-03-19 22:17:59.000,BUY,Up,0.07000000565923377,5.301071,0,"Ethereum Up or Down - March 19, 6:15PM-6:20PM ET"
2026-03-19 22:17:57.000,BUY,Down,0.91,10.66,0,"Ethereum Up or Down - March 19, 6:15PM-6:20PM ET"
2026-03-19 22:17:55.000,BUY,Up,0.08999996580785832,25.401783,0,"Bitcoin Up or Down - March 19, 6:15PM-6:20PM ET"
2026-03-19 22:17:55.000,BUY,Up,0.09,84.02886000000001,0,"Bitcoin Up or Down - March 19, 6:15PM-6:20PM ET"
2026-03-19 22:17:51.000,BUY,Down,0.89,100,0,"Bitcoin Up or Down - March 19, 6:15PM-6:20PM ET"
2026-03-19 22:17:49.000,BUY,Up,0.09,74.53481,0,"Bitcoin Up or Down - March 19, 6:15PM-6:20PM ET"
2026-03-19 22:17:47.000,BUY,Up,0.08,101.11289,0,"Bitcoin Up or Down - March 19, 6:15PM-6:20PM ET"
2026-03-19 22:17:47.000,BUY,Up,0.07000000137284246,21.852471,0,"Bitcoin Up or Down - March 19, 6:15PM-6:20PM ET"
2026-03-19 22:17:45.000,BUY,Up,0.09,6.7287,0,"Bitcoin Up or Down - March 19, 6:15PM-6:20PM ET"
2026-03-19 22:17:45.000,BUY,Up,0.09,34.94131,0,"Bitcoin Up or Down - March 19, 6:15PM-6:20PM ET"
2026-03-19 22:17:41.000,BUY,Up,0.07000001116000433,5.376342,0,"Ethereum Up or Down - March 19, 6:15PM-6:20PM ET"
2026-03-19 22:17:39.000,BUY,Up,0.08,1.08695,0,"Bitcoin Up or Down - March 19, 6:15PM-6:20PM ET"
2026-03-19 22:17:37.000,BUY,Up,0.09,2.1978,0,"Bitcoin Up or Down - March 19, 6:15PM-6:20PM ET"
2026-03-19 22:17:37.000,BUY,Up,0.09,18.73853,0,"Bitcoin Up or Down - March 19, 6:15PM-6:20PM ET"
2026-03-19 22:17:37.000,BUY,Up,0.08000000766667299,5.217387,0,"Bitcoin Up or Down - March 19, 6:15PM-6:20PM ET"
2026-03-19 22:17:37.000,BUY,Up,0.08,5.43,0,"Bitcoin Up or Down - March 19, 6:15PM-6:20PM ET"
2026-03-19 22:17:37.000,BUY,Up,0.08,4.075325,0,"Bitcoin Up or Down - March 19, 6:15PM-6:20PM ET"
2026-03-19 22:17:37.000,BUY,Up,0.09,40.85139,0,"Bitcoin Up or Down - March 19, 6:15PM-6:20PM ET"
2026-03-19 22:17:37.000,BUY,Up,0.08,6.77,0,"Bitcoin Up or Down - March 19, 6:15PM-6:20PM ET"
2026-03-19 22:17:37.000,BUY,Up,0.08,7.630425,0,"Bitcoin Up or Down - March 19, 6:15PM-6:20PM ET"
2026-03-19 22:17:37.000,BUY,Up,0.08000002044454621,1.956512,0,"Bitcoin Up or Down - March 19, 6:15PM-6:20PM ET"
2026-03-19 22:17:35.000,BUY,Up,0.09,10.989,0,"Bitcoin Up or Down - March 19, 6:15PM-6:20PM ET"
2026-03-19 22:17:35.000,BUY,Up,0.09000000102247283,9.780211,0,"Bitcoin Up or Down - March 19, 6:15PM-6:20PM ET"
2026-03-19 22:17:35.000,BUY,Up,0.09,3.209,0,"Bitcoin Up or Down - March 19, 6:15PM-6:20PM ET"
2026-03-19 22:17:35.000,BUY,Up,0.09,3.41,0,"Bitcoin Up or Down - March 19, 6:15PM-6:20PM ET"
2026-03-19 22:17:35.000,BUY,Up,0.09,9.3956,0,"Bitcoin Up or Down - March 19, 6:15PM-6:20PM ET"
2026-03-19 22:17:35.000,BUY,Up,0.09,5.23,0,"Bitcoin Up or Down - March 19, 6:15PM-6:20PM ET"
2026-03-19 22:17:35.000,BUY,Up,0.09,5,0,"Bitcoin Up or Down - March 19, 6:15PM-6:20PM ET"
2026-03-19 22:17:35.000,BUY,Up,0.09,5,0,"Bitcoin Up or Down - March 19, 6:15PM-6:20PM ET"
2026-03-19 22:17:35.000,BUY,Up,0.09000000340824543,5.868122,0,"Bitcoin Up or Down - March 19, 6:15PM-6:20PM ET"
2026-03-19 22:17:35.000,BUY,Up,0.09,1.94,0,"Bitcoin Up or Down - March 19, 6:15PM-6:20PM ET"
2026-03-19 22:17:35.000,BUY,Up,0.09,5,0,"Bitcoin Up or Down - March 19, 6:15PM-6:20PM ET"
2026-03-19 22:17:35.000,BUY,Up,0.09,5,0,"Bitcoin Up or Down - March 19, 6:15PM-6:20PM ET"
2026-03-19 22:17:33.000,BUY,Up,0.06,17.34,0,"Ethereum Up or Down - March 19, 6:15PM-6:20PM ET"
2026-03-19 22:17:33.000,BUY,Up,0.060000007121218814,5.617016,0,"Ethereum Up or Down - March 19, 6:15PM-6:20PM ET"
2026-03-19 22:17:33.000,BUY,Up,0.06,3.04,0,"Ethereum Up or Down - March 19, 6:15PM-6:20PM ET"
2026-03-19 22:17:33.000,BUY,Up,0.06,12,0,"Ethereum Up or Down - March 19, 6:15PM-6:20PM ET"
2026-03-19 22:17:33.000,BUY,Up,0.06,12,0,"Ethereum Up or Down - March 19, 6:15PM-6:20PM ET"
2026-03-19 22:17:31.000,,,0,611.491069,0,"Bitcoin Up or Down - March 19, 6:15PM-6:20PM ET"
2026-03-19 22:17:31.000,BUY,Up,0.11,29,0,"Bitcoin Up or Down - March 19, 6:15PM-6:20PM ET"
2026-03-19 22:17:29.000,BUY,Up,0.12,100,0,"Bitcoin Up or Down - March 19, 6:15PM-6:20PM ET"
2026-03-19 22:17:21.000,BUY,Down,0.8500001284540216,5.838665,0,"Ethereum Up or Down - March 19, 6:15PM-6:20PM ET"
2026-03-19 22:17:19.000,BUY,Down,0.86,12,0,"Bitcoin Up or Down - March 19, 6:15PM-6:20PM ET"
2026-03-19 22:17:19.000,BUY,Down,0.86,9,0,"Bitcoin Up or Down - March 19, 6:15PM-6:20PM ET"
2026-03-19 22:17:19.000,BUY,Down,0.86,56,0,"Bitcoin Up or Down - March 19, 6:15PM-6:20PM ET"
2026-03-19 22:17:19.000,BUY,Down,0.8600001176000188,7.142856,0,"Bitcoin Up or Down - March 19, 6:15PM-6:20PM ET"
2026-03-19 22:17:19.000,BUY,Down,0.8600000308262856,24.654284,0,"Bitcoin Up or Down - March 19, 6:15PM-6:20PM ET"
2026-03-19 22:17:19.000,BUY,Down,0.86,23,0,"Bitcoin Up or Down - March 19, 6:15PM-6:20PM ET"
2026-03-19 22:17:17.000,BUY,Down,0.87,50,0,"Ethereum Up or Down - March 19, 6:15PM-6:20PM ET"
2026-03-19 22:17:13.000,BUY,Up,0.11,121.02931,0,"Bitcoin Up or Down - March 19, 6:15PM-6:20PM ET"
2026-03-19 22:17:11.000,BUY,Up,0.11,14.96406,0,"Bitcoin Up or Down - March 19, 6:15PM-6:20PM ET"
2026-03-19 22:17:11.000,BUY,Up,0.11,47.94,0,"Bitcoin Up or Down - March 19, 6:15PM-6:20PM ET"
2026-03-19 22:17:11.000,BUY,Up,0.11000000449052925,8.907636,0,"Bitcoin Up or Down - March 19, 6:15PM-6:20PM ET"
2026-03-19 22:17:11.000,BUY,Up,0.11,4,0,"Bitcoin Up or Down - March 19, 6:15PM-6:20PM ET"
2026-03-19 22:17:11.000,BUY,Up,0.1,9.58,0,"Bitcoin Up or Down - March 19, 6:15PM-6:20PM ET"
2026-03-19 22:17:11.000,BUY,Up,0.1,90.41111,0,"Bitcoin Up or Down - March 19, 6:15PM-6:20PM ET"
2026-03-19 22:17:11.000,BUY,Up,0.1100000053400005,11.235954,0,"Bitcoin Up or Down - March 19, 6:15PM-6:20PM ET"
2026-03-19 22:17:11.000,BUY,Up,0.11,22.91,0,"Bitcoin Up or Down - March 19, 6:15PM-6:20PM ET"
2026-03-19 22:17:11.000,BUY,Up,0.11,5,0,"Bitcoin Up or Down - March 19, 6:15PM-6:20PM ET"
2026-03-19 22:17:11.000,BUY,Up,0.11,27.87,0,"Ethereum Up or Down - March 19, 6:15PM-6:20PM ET"
2026-03-19 22:17:11.000,BUY,Up,0.11,1.1573,0,"Ethereum Up or Down - March 19, 6:15PM-6:20PM ET"
2026-03-19 22:17:11.000,BUY,Up,0.11,1,0,"Bitcoin Up or Down - March 19, 6:15PM-6:20PM ET"
2026-03-19 22:17:11.000,BUY,Up,0.1100000143548431,3.483145,0,"Ethereum Up or Down - March 19, 6:15PM-6:20PM ET"
2026-03-19 22:17:11.000,BUY,Up,0.11,1.56,0,"Bitcoin Up or Down - March 19, 6:15PM-6:20PM ET"
2026-03-19 22:17:11.000,BUY,Up,0.11000000057234731,17.471909,0,"Ethereum Up or Down - March 19, 6:15PM-6:20PM ET"
2026-03-19 22:17:11.000,BUY,Up,0.11,97.44,0,"Bitcoin Up or Down - March 19, 6:15PM-6:20PM ET"
2026-03-19 22:17:07.000,BUY,Up,0.11,3,0,"Bitcoin Up or Down - March 19, 6:15PM-6:20PM ET"
2026-03-19 22:17:07.000,BUY,Up,0.11,3.0337,0,"Bitcoin Up or Down - March 19, 6:15PM-6:20PM ET"
2026-03-19 22:17:07.000,BUY,Up,0.11,3.0337,0,"Bitcoin Up or Down - March 19, 6:15PM-6:20PM ET"
2026-03-19 22:17:07.000,BUY,Up,0.11,3.0337,0,"Bitcoin Up or Down - March 19, 6:15PM-6:20PM ET"
2026-03-19 22:17:07.000,BUY,Up,0.11,3.0337,0,"Bitcoin Up or Down - March 19, 6:15PM-6:20PM ET"
2026-03-19 22:17:07.000,BUY,Up,0.11,3.0337,0,"Bitcoin Up or Down - March 19, 6:15PM-6:20PM ET"
2026-03-19 22:17:07.000,BUY,Up,0.11,24.45,0,"Bitcoin Up or Down - March 19, 6:15PM-6:20PM ET"
2026-03-19 22:17:07.000,BUY,Up,0.11,3.0337,0,"Bitcoin Up or Down - March 19, 6:15PM-6:20PM ET"
2026-03-19 22:17:07.000,BUY,Up,0.11,3,0,"Bitcoin Up or Down - March 19, 6:15PM-6:20PM ET"
2026-03-19 22:17:07.000,BUY,Up,0.11,3,0,"Bitcoin Up or Down - March 19, 6:15PM-6:20PM ET"
2026-03-19 22:17:07.000,BUY,Up,0.11,5.09,0,"Bitcoin Up or Down - March 19, 6:15PM-6:20PM ET"
2026-03-19 22:17:07.000,BUY,Up,0.11,3,0,"Bitcoin Up or Down - March 19, 6:15PM-6:20PM ET"
2026-03-19 22:17:07.000,BUY,Up,0.11,3,0,"Bitcoin Up or Down - March 19, 6:15PM-6:20PM ET"
2026-03-19 22:17:07.000,BUY,Up,0.11,3.0337,0,"Bitcoin Up or Down - March 19, 6:15PM-6:20PM ET"
2026-03-19 22:17:07.000,BUY,Up,0.11,3.0337,0,"Bitcoin Up or Down - March 19, 6:15PM-6:20PM ET"
2026-03-19 22:17:07.000,BUY,Up,0.11,3.0337,0,"Bitcoin Up or Down - March 19, 6:15PM-6:20PM ET"
2026-03-19 22:17:07.000,BUY,Up,0.11,3.0337,0,"Bitcoin Up or Down - March 19, 6:15PM-6:20PM ET"
2026-03-19 22:17:07.000,BUY,Up,0.11,3.0337,0,"Bitcoin Up or Down - March 19, 6:15PM-6:20PM ET"
2026-03-19 22:17:07.000,BUY,Up,0.11,5,0,"Bitcoin Up or Down - March 19, 6:15PM-6:20PM ET"
2026-03-19 22:17:07.000,BUY,Up,0.11,3.0337,0,"Bitcoin Up or Down - March 19, 6:15PM-6:20PM ET"
2026-03-19 22:17:07.000,BUY,Up,0.11,3.0337,0,"Bitcoin Up or Down - March 19, 6:15PM-6:20PM ET"
2026-03-19 22:17:07.000,BUY,Up,0.11,3.0337,0,"Bitcoin Up or Down - March 19, 6:15PM-6:20PM ET"
2026-03-19 22:17:07.000,BUY,Up,0.11,3.0337,0,"Bitcoin Up or Down - March 19, 6:15PM-6:20PM ET"
2026-03-19 22:17:07.000,BUY,Up,0.11,3.0337,0,"Bitcoin Up or Down - March 19, 6:15PM-6:20PM ET"
2026-03-19 22:17:07.000,BUY,Up,0.11,1.82,0,"Bitcoin Up or Down - March 19, 6:15PM-6:20PM ET"
2026-03-19 22:17:05.000,BUY,Down,0.86,45.22551,0,"Ethereum Up or Down - March 19, 6:15PM-6:20PM ET"
2026-03-19 22:17:05.000,BUY,Down,0.84,36.93247,0,"Ethereum Up or Down - March 19, 6:15PM-6:20PM ET"
2026-03-19 22:17:01.000,,,0,522.393813,0,"Bitcoin Up or Down - March 19, 6:15PM-6:20PM ET"
2026-03-19 22:17:01.000,BUY,Down,0.8699999783972868,5.075673,0,"XRP Up or Down - March 19, 6:15PM-6:20PM ET"
2026-03-19 22:17:01.000,BUY,Down,0.7179280289592395,5.886699999999999,0,"Solana Up or Down - March 19, 6:15PM-6:20PM ET"
2026-03-19 22:17:01.000,BUY,Down,0.8,75.5136,0,"Bitcoin Up or Down - March 19, 6:15PM-6:20PM ET"
2026-03-19 22:17:01.000,BUY,Down,0.79,25.58276,0,"Bitcoin Up or Down - March 19, 6:15PM-6:20PM ET"
2026-03-19 22:16:59.000,BUY,Up,0.16000002265168986,5.297618,0,"Bitcoin Up or Down - March 19, 6:15PM-6:20PM ET"
2026-03-19 22:16:57.000,BUY,Up,0.16,4.7619,0,"Bitcoin Up or Down - March 19, 6:15PM-6:20PM ET"
2026-03-19 22:16:57.000,BUY,Up,0.16,1.190475,0,"Bitcoin Up or Down - March 19, 6:15PM-6:20PM ET"
2026-03-19 22:16:57.000,BUY,Up,0.16,2,0,"Bitcoin Up or Down - March 19, 6:15PM-6:20PM ET"
2026-03-19 22:16:57.000,BUY,Up,0.16,36.75,0,"Bitcoin Up or Down - March 19, 6:15PM-6:20PM ET"
2026-03-19 22:16:57.000,BUY,Up,0.1600000015616578,25.613806,0,"Bitcoin Up or Down - March 19, 6:15PM-6:20PM ET"
2026-03-19 22:16:51.000,BUY,Up,0.42,50,0,"Ethereum Up or Down - March 19, 6:15PM-6:20PM ET"
2026-03-19 22:16:47.000,BUY,Up,0.42000007176007736,1.114826,0,"Ethereum Up or Down - March 19, 6:15PM-6:20PM ET"
2026-03-19 22:16:43.000,BUY,Up,0.4200000177914139,8.993102,0,"Ethereum Up or Down - March 19, 6:15PM-6:20PM ET"
2026-03-19 22:16:39.000,BUY,Up,0.17000009130017255,1.204817,0,"Bitcoin Up or Down - March 19, 6:15PM-6:20PM ET"
2026-03-19 22:16:39.000,BUY,Up,0.17000000559551062,5.361441,0,"Bitcoin Up or Down - March 19, 6:15PM-6:20PM ET"
2026-03-19 22:16:39.000,BUY,Up,0.17000000249000036,24.096382,0,"Bitcoin Up or Down - March 19, 6:15PM-6:20PM ET"
2026-03-19 22:16:39.000,BUY,Up,0.17,62.11,0,"Bitcoin Up or Down - March 19, 6:15PM-6:20PM ET"
2026-03-19 22:16:39.000,BUY,Up,0.17,0.17,0,"Bitcoin Up or Down - March 19, 6:15PM-6:20PM ET"
2026-03-19 22:16:39.000,BUY,Up,0.17000005123467016,2.927705,0,"Bitcoin Up or Down - March 19, 6:15PM-6:20PM ET"
2026-03-19 22:16:39.000,BUY,Up,0.17000009130017255,1.204817,0,"Bitcoin Up or Down - March 19, 6:15PM-6:20PM ET"
2026-03-19 22:16:39.000,BUY,Up,0.1700000415000325,2.891564,0,"Bitcoin Up or Down - March 19, 6:15PM-6:20PM ET"
2026-03-19 22:16:33.000,BUY,Down,0.48,4.92213,0,"Ethereum Up or Down - March 19, 6:15PM-6:20PM ET"
2026-03-19 22:16:09.000,BUY,Down,0.55,25,0,"Ethereum Up or Down - March 19, 6:15PM-6:20PM ET"
2026-03-19 22:16:07.000,BUY,Down,0.7058840525833054,24.033972,0,"Bitcoin Up or Down - March 19, 6:15PM-6:20PM ET"
2026-03-19 22:16:07.000,BUY,Down,0.511998068618698,5.4026499999999995,0,"Solana Up or Down - March 19, 6:15PM-6:20PM ET"
2026-03-19 22:16:07.000,BUY,Down,0.6499999971323529,103.26176199999999,0,"Bitcoin Up or Down - March 19, 6:15PM-6:20PM ET"
2026-03-19 22:16:07.000,BUY,Down,0.6499999989168471,91.128504,0,"Bitcoin Up or Down - March 19, 6:15PM-6:20PM ET"
2026-03-19 22:16:07.000,BUY,Down,0.6499999970895523,101.743212,0,"Bitcoin Up or Down - March 19, 6:15PM-6:20PM ET"
2026-03-19 22:16:05.000,BUY,Down,0.5,7.69782,0,"Solana Up or Down - March 19, 6:15PM-6:20PM ET"
2026-03-19 22:16:05.000,BUY,Down,0.4766119999689399,7.3531960000000005,0,"Solana Up or Down - March 19, 6:15PM-6:20PM ET"
2026-03-19 22:15:45.000,BUY,Up,0.57,4.92491,0,"Solana Up or Down - March 19, 6:15PM-6:20PM ET"
2026-03-19 22:15:45.000,BUY,Up,0.53,100,0,"Bitcoin Up or Down - March 19, 6:15PM-6:20PM ET"
2026-03-19 22:15:45.000,BUY,Up,0.65,50,0,"Ethereum Up or Down - March 19, 6:15PM-6:20PM ET"
2026-03-19 22:15:35.000,BUY,Up,0.5,49.2286,0,"Bitcoin Up or Down - March 19, 6:15PM-6:20PM ET"
2026-03-19 22:15:31.000,BUY,Up,0.49,100,0,"Bitcoin Up or Down - March 19, 6:15PM-6:20PM ET"
2026-03-19 22:15:29.000,BUY,Up,0.49,5,0,"Bitcoin Up or Down - March 19, 6:15PM-6:20PM ET"
2026-03-19 22:15:27.000,BUY,Up,0.47,10.84,0,"Bitcoin Up or Down - March 19, 6:15PM-6:20PM ET"
2026-03-19 22:15:27.000,BUY,Up,0.4700000116600003,37.735848,0,"Bitcoin Up or Down - March 19, 6:15PM-6:20PM ET"
2026-03-19 22:15:27.000,BUY,Up,0.4700000349800047,9.433961,0,"Bitcoin Up or Down - March 19, 6:15PM-6:20PM ET"
2026-03-19 22:15:27.000,BUY,Up,0.47,5,0,"Bitcoin Up or Down - March 19, 6:15PM-6:20PM ET"
2026-03-19 22:15:27.000,BUY,Up,0.47000006552728846,5.188678,0,"Bitcoin Up or Down - March 19, 6:15PM-6:20PM ET"
2026-03-19 22:15:21.000,BUY,Down,0.55,46.17,0,"Ethereum Up or Down - March 19, 6:15PM-6:20PM ET"
2026-03-19 22:15:21.000,BUY,Down,0.55,3.83,0,"Ethereum Up or Down - March 19, 6:15PM-6:20PM ET"
2026-03-19 22:15:15.000,BUY,Down,0.649999944602246,5.345322,0,"XRP Up or Down - March 19, 6:15PM-6:20PM ET"
2026-03-19 22:15:13.000,BUY,Down,0.6299999552132521,6.60742,0,"XRP Up or Down - March 19, 6:15PM-6:20PM ET"
2026-03-19 22:15:13.000,BUY,Down,0.59,14.44,0,"Ethereum Up or Down - March 19, 6:15PM-6:20PM ET"
2026-03-19 22:15:11.000,BUY,Down,0.73,99.02879,0,"Bitcoin Up or Down - March 19, 6:15PM-6:20PM ET"
2026-03-19 22:15:11.000,BUY,Down,0.7237126208126706,99.86055599999999,0,"Bitcoin Up or Down - March 19, 6:15PM-6:20PM ET"
2026-03-19 22:15:11.000,BUY,Down,0.7299999960962564,38.051475,0,"Bitcoin Up or Down - March 19, 6:15PM-6:20PM ET"
2026-03-19 22:15:11.000,BUY,Down,0.68120623456319,171.092794,0,"Bitcoin Up or Down - March 19, 6:15PM-6:20PM ET"
2026-03-19 22:15:09.000,,,0,505.164551,0,"Bitcoin Up or Down - March 19, 6:05PM-6:10PM ET"
2026-03-19 22:15:09.000,,,0,188.54339,0,"Ethereum Up or Down - March 19, 6:05PM-6:10PM ET"
2026-03-19 22:15:09.000,,,0,32.435593,0,"XRP Up or Down - March 19, 6:05PM-6:10PM ET"
2026-03-19 22:15:09.000,,,0,33.236124,0,"Solana Up or Down - March 19, 6:05PM-6:10PM ET"
2026-03-19 22:15:09.000,BUY,Up,0.36,14.29,0,"Bitcoin Up or Down - March 19, 6:15PM-6:20PM ET"
2026-03-19 22:15:09.000,BUY,Down,0.7243128655872054,43.520713,0,"Bitcoin Up or Down - March 19, 6:15PM-6:20PM ET"
2026-03-19 22:15:09.000,BUY,Down,0.73,99.02879,0,"Bitcoin Up or Down - March 19, 6:15PM-6:20PM ET"
2026-03-19 22:15:09.000,BUY,Down,0.65,20,0,"Bitcoin Up or Down - March 19, 6:15PM-6:20PM ET"
2026-03-19 22:15:09.000,BUY,Down,0.6899999972537311,14.398615999999999,0,"XRP Up or Down - March 19, 6:15PM-6:20PM ET"
2026-03-19 22:15:09.000,BUY,Down,0.6500001225000797,2.857141,0,"Bitcoin Up or Down - March 19, 6:15PM-6:20PM ET"
2026-03-19 22:15:09.000,BUY,Down,0.65,25,0,"Bitcoin Up or Down - March 19, 6:15PM-6:20PM ET"
2026-03-19 22:15:09.000,BUY,Down,0.650000070000021,5.714284,0,"Bitcoin Up or Down - March 19, 6:15PM-6:20PM ET"
2026-03-19 22:15:09.000,BUY,Up,0.36,85.71,0,"Bitcoin Up or Down - March 19, 6:15PM-6:20PM ET"
2026-03-19 22:15:09.000,BUY,Down,0.63,20,0,"Bitcoin Up or Down - March 19, 6:15PM-6:20PM ET"
2026-03-19 22:15:07.000,BUY,Down,0.63,5,0,"Bitcoin Up or Down - March 19, 6:15PM-6:20PM ET"
2026-03-19 22:14:57.000,BUY,Down,0.22999992704844915,9.792184,0,"XRP Up or Down - March 19, 6:10PM-6:15PM ET"
2026-03-19 22:14:57.000,BUY,Down,0.22999993174796,10.611791,0,"XRP Up or Down - March 19, 6:10PM-6:15PM ET"
2026-03-19 22:14:57.000,BUY,Up,0.94,16.26,0,"Ethereum Up or Down - March 19, 6:10PM-6:15PM ET"
2026-03-19 22:14:57.000,BUY,Up,0.9700001019678178,9.316665,0,"Ethereum Up or Down - March 19, 6:10PM-6:15PM ET"
2026-03-19 22:14:57.000,BUY,Up,0.94,29.45,0,"Ethereum Up or Down - March 19, 6:10PM-6:15PM ET"
2026-03-19 22:14:55.000,BUY,Down,0.22,15.3859,0,"XRP Up or Down - March 19, 6:10PM-6:15PM ET"
2026-03-19 22:14:55.000,BUY,Up,0.97,5.34,0,"Ethereum Up or Down - March 19, 6:10PM-6:15PM ET"
2026-03-19 22:14:55.000,BUY,Down,0.15,70.91064,0,"XRP Up or Down - March 19, 6:10PM-6:15PM ET"
2026-03-19 22:14:55.000,BUY,Up,0.95,50,0,"Ethereum Up or Down - March 19, 6:10PM-6:15PM ET"
2026-03-19 22:14:55.000,BUY,Up,0.9700000271698124,35.333332,0,"Ethereum Up or Down - March 19, 6:10PM-6:15PM ET"
2026-03-19 22:14:49.000,BUY,Down,0.05,25.78545,0,"XRP Up or Down - March 19, 6:10PM-6:15PM ET"
2026-03-19 22:14:27.000,BUY,Down,0.02,69.99328,0,"Ethereum Up or Down - March 19, 6:10PM-6:15PM ET"
2026-03-19 22:14:25.000,BUY,Up,0.939999993249533,5.920806,0,"XRP Up or Down - March 19, 6:10PM-6:15PM ET"
2026-03-19 22:14:23.000,BUY,Down,0.03,64.2664,0,"Bitcoin Up or Down - March 19, 6:10PM-6:15PM ET"
2026-03-19 22:14:23.000,BUY,Down,0.03,7.99831,0,"Bitcoin Up or Down - March 19, 6:10PM-6:15PM ET"
2026-03-19 22:14:21.000,BUY,Down,0.02999999781441717,434.57464500000003,0,"Bitcoin Up or Down - March 19, 6:10PM-6:15PM ET"
2026-03-19 22:14:21.000,BUY,Down,0.03,64.98624,0,"Bitcoin Up or Down - March 19, 6:10PM-6:15PM ET"
2026-03-19 22:14:21.000,BUY,Down,0.03,65,0,"Bitcoin Up or Down - March 19, 6:10PM-6:15PM ET"
2026-03-19 22:14:21.000,BUY,Down,0.03,8,0,"Bitcoin Up or Down - March 19, 6:10PM-6:15PM ET"
2026-03-19 22:14:21.000,BUY,Down,0.03,13,0,"Bitcoin Up or Down - March 19, 6:10PM-6:15PM ET"
2026-03-19 22:14:21.000,BUY,Down,0.03,14,0,"Bitcoin Up or Down - March 19, 6:10PM-6:15PM ET"
2026-03-19 22:14:21.000,BUY,Down,0.03,104.27792,0,"Ethereum Up or Down - March 19, 6:10PM-6:15PM ET"
2026-03-19 22:14:19.000,BUY,Down,0.04,30,0,"Bitcoin Up or Down - March 19, 6:10PM-6:15PM ET"
2026-03-19 22:14:19.000,BUY,Down,0.04,5,0,"Bitcoin Up or Down - March 19, 6:10PM-6:15PM ET"
2026-03-19 22:14:19.000,BUY,Down,0.04,35.48665,0,"Bitcoin Up or Down - March 19, 6:10PM-6:15PM ET"
2026-03-19 22:14:19.000,BUY,Down,0.04,5.208325,0,"Bitcoin Up or Down - March 19, 6:10PM-6:15PM ET"
2026-03-19 22:14:19.000,BUY,Down,0.04,8.333325,0,"Bitcoin Up or Down - March 19, 6:10PM-6:15PM ET"
2026-03-19 22:14:19.000,BUY,Down,0.04,5,0,"Bitcoin Up or Down - March 19, 6:10PM-6:15PM ET"
2026-03-19 22:14:19.000,BUY,Down,0.04,9.79165,0,"Bitcoin Up or Down - March 19, 6:10PM-6:15PM ET"
2026-03-19 22:14:19.000,BUY,Down,0.04,1.16,0,"Bitcoin Up or Down - March 19, 6:10PM-6:15PM ET"
2026-03-19 22:14:17.000,BUY,Down,0.04,36.4,0,"Ethereum Up or Down - March 19, 6:10PM-6:15PM ET"
2026-03-19 22:14:13.000,BUY,Up,0.94,4.29,0,"Ethereum Up or Down - March 19, 6:10PM-6:15PM ET"
2026-03-19 22:14:11.000,BUY,Down,0.05,0.91,0,"Bitcoin Up or Down - March 19, 6:10PM-6:15PM ET"
2026-03-19 22:14:11.000,BUY,Down,0.05,9.02,0,"Bitcoin Up or Down - March 19, 6:10PM-6:15PM ET"
2026-03-19 22:14:11.000,BUY,Down,0.05,52.63156,0,"Bitcoin Up or Down - March 19, 6:10PM-6:15PM ET"
2026-03-19 22:14:11.000,BUY,Down,0.05,37.43,0,"Bitcoin Up or Down - March 19, 6:10PM-6:15PM ET"
2026-03-19 22:14:09.000,BUY,Down,0.06,23.97,0,"Bitcoin Up or Down - March 19, 6:10PM-6:15PM ET"
2026-03-19 22:14:09.000,BUY,Down,0.06000000742057756,5.390416,0,"Bitcoin Up or Down - March 19, 6:10PM-6:15PM ET"
2026-03-19 22:14:09.000,BUY,Up,0.899999901315757,5.056405000000001,0,"XRP Up or Down - March 19, 6:10PM-6:15PM ET"
2026-03-19 22:14:07.000,BUY,Down,0.16,4.65,0,"Bitcoin Up or Down - March 19, 6:10PM-6:15PM ET"
2026-03-19 22:14:07.000,BUY,Up,0.8499999940807759,8.412733000000001,0,"XRP Up or Down - March 19, 6:10PM-6:15PM ET"
2026-03-19 22:14:07.000,BUY,Up,0.85,5.132,0,"XRP Up or Down - March 19, 6:10PM-6:15PM ET"
2026-03-19 22:14:07.000,BUY,Down,0.06,70.63,0,"Bitcoin Up or Down - March 19, 6:10PM-6:15PM ET"
2026-03-19 22:14:07.000,BUY,Up,0.859999996324784,5.422136999999999,0,"XRP Up or Down - March 19, 6:10PM-6:15PM ET"
2026-03-19 22:14:01.000,,,0,512.195111,0,"Bitcoin Up or Down - March 19, 6:10PM-6:15PM ET"
2026-03-19 22:14:01.000,BUY,Up,0.6099999351436665,5.624207,0,"XRP Up or Down - March 19, 6:10PM-6:15PM ET"
2026-03-19 22:13:53.000,BUY,Up,0.84,6.25,0,"Ethereum Up or Down - March 19, 6:10PM-6:15PM ET"
2026-03-19 22:13:53.000,BUY,Up,0.84,6.25,0,"Ethereum Up or Down - March 19, 6:10PM-6:15PM ET"
2026-03-19 22:13:53.000,BUY,Up,0.84,6.25,0,"Ethereum Up or Down - March 19, 6:10PM-6:15PM ET"
2026-03-19 22:13:51.000,BUY,Up,0.71,98.94013,0,"Bitcoin Up or Down - March 19, 6:10PM-6:15PM ET"
2026-03-19 22:13:51.000,BUY,Up,0.689999997798165,71.835484,0,"Bitcoin Up or Down - March 19, 6:10PM-6:15PM ET"
2026-03-19 22:13:51.000,BUY,Up,0.73,99.02879,0,"Bitcoin Up or Down - March 19, 6:10PM-6:15PM ET"
2026-03-19 22:13:49.000,BUY,Up,0.4699999527043924,6.661006,0,"Solana Up or Down - March 19, 6:10PM-6:15PM ET"
2026-03-19 22:13:49.000,BUY,Up,0.21999987522385825,6.046078,0,"XRP Up or Down - March 19, 6:10PM-6:15PM ET"
2026-03-19 22:13:49.000,BUY,Up,0.38999994233461643,6.496512,0,"Solana Up or Down - March 19, 6:10PM-6:15PM ET"
2026-03-19 22:13:49.000,BUY,Up,0.46999992546924335,6.472487,0,"Solana Up or Down - March 19, 6:10PM-6:15PM ET"
2026-03-19 22:13:49.000,BUY,Up,0.4699999268165951,6.053555,0,"Solana Up or Down - March 19, 6:10PM-6:15PM ET"
2026-03-19 22:13:49.000,BUY,Up,0.38999992126758454,5.3842669999999995,0,"Solana Up or Down - March 19, 6:10PM-6:15PM ET"
2026-03-19 22:13:45.000,BUY,Down,0.4,5,0,"Ethereum Up or Down - March 19, 6:10PM-6:15PM ET"
2026-03-19 22:13:41.000,BUY,Down,0.47,40,0,"Bitcoin Up or Down - March 19, 6:10PM-6:15PM ET"
2026-03-19 22:13:41.000,BUY,Down,0.47000000289530547,6.907734,0,"Bitcoin Up or Down - March 19, 6:10PM-6:15PM ET"
2026-03-19 22:13:37.000,BUY,Up,0.5300001222000904,2.127658,0,"Ethereum Up or Down - March 19, 6:10PM-6:15PM ET"
2026-03-19 22:13:37.000,BUY,Up,0.2599998708965268,5.525312,0,"Solana Up or Down - March 19, 6:10PM-6:15PM ET"
2026-03-19 22:13:37.000,BUY,Down,0.53,5,0,"Bitcoin Up or Down - March 19, 6:10PM-6:15PM ET"
2026-03-19 22:13:37.000,BUY,Down,0.53,5,0,"Bitcoin Up or Down - March 19, 6:10PM-6:15PM ET"
2026-03-19 22:13:37.000,BUY,Down,0.53,1.61,0,"Bitcoin Up or Down - March 19, 6:10PM-6:15PM ET"
2026-03-19 22:13:35.000,BUY,Up,0.22,4.9632,0,"Solana Up or Down - March 19, 6:10PM-6:15PM ET"
2026-03-19 22:13:33.000,BUY,Up,0.22,4.9632,0,"Solana Up or Down - March 19, 6:10PM-6:15PM ET"
2026-03-19 22:13:29.000,BUY,Up,0.45842275297103957,256.00334,0,"Bitcoin Up or Down - March 19, 6:10PM-6:15PM ET"
2026-03-19 22:13:27.000,BUY,Up,0.39000003030232633,6.930161,0,"Bitcoin Up or Down - March 19, 6:10PM-6:15PM ET"
2026-03-19 22:13:17.000,BUY,Down,0.59,7.44,0,"Ethereum Up or Down - March 19, 6:10PM-6:15PM ET"
2026-03-19 22:13:17.000,BUY,Down,0.5900000710666781,7.317072,0,"Ethereum Up or Down - March 19, 6:10PM-6:15PM ET"
2026-03-19 22:13:17.000,BUY,Down,0.59,9.82,0,"Ethereum Up or Down - March 19, 6:10PM-6:15PM ET"
2026-03-19 22:13:17.000,BUY,Up,0.24,4.95842,0,"Solana Up or Down - March 19, 6:10PM-6:15PM ET"
2026-03-19 22:13:17.000,BUY,Down,0.59,8.14,0,"Ethereum Up or Down - March 19, 6:10PM-6:15PM ET"
2026-03-19 22:13:15.000,BUY,Down,0.59,5.76,0,"Ethereum Up or Down - March 19, 6:10PM-6:15PM ET"
2026-03-19 22:13:13.000,BUY,Up,0.42853037175481756,296.515506,0,"Bitcoin Up or Down - March 19, 6:10PM-6:15PM ET"
2026-03-19 22:13:11.000,BUY,Up,0.24,4.95842,0,"Solana Up or Down - March 19, 6:10PM-6:15PM ET"
2026-03-19 22:13:05.000,BUY,Up,0.3,1.55,0,"Bitcoin Up or Down - March 19, 6:10PM-6:15PM ET"
2026-03-19 22:13:05.000,BUY,Up,0.3,7.14,0,"Bitcoin Up or Down - March 19, 6:10PM-6:15PM ET"
2026-03-19 22:13:05.000,BUY,Up,0.3,79.74,0,"Bitcoin Up or Down - March 19, 6:10PM-6:15PM ET"
2026-03-19 22:13:01.000,BUY,Up,0.37,14,0,"Ethereum Up or Down - March 19, 6:10PM-6:15PM ET"
2026-03-19 22:12:53.000,BUY,Down,0.67,28.36901,0,"Bitcoin Up or Down - March 19, 6:10PM-6:15PM ET"
2026-03-19 22:12:49.000,BUY,Down,0.54,9.95,0,"Ethereum Up or Down - March 19, 6:10PM-6:15PM ET"
2026-03-19 22:12:47.000,BUY,Down,0.5400000365690424,10.391303,0,"Ethereum Up or Down - March 19, 6:10PM-6:15PM ET"
2026-03-19 22:12:47.000,BUY,Down,0.5400001150000288,4.347825,0,"Ethereum Up or Down - March 19, 6:10PM-6:15PM ET"
2026-03-19 22:12:45.000,BUY,Down,0.65,100,0,"Bitcoin Up or Down - March 19, 6:10PM-6:15PM ET"
2026-03-19 22:12:45.000,BUY,Down,0.66,102.82900000000001,0,"Bitcoin Up or Down - March 19, 6:10PM-6:15PM ET"
2026-03-19 22:12:41.000,BUY,Down,0.54,4.1,0,"Ethereum Up or Down - March 19, 6:10PM-6:15PM ET"
2026-03-19 22:12:37.000,BUY,Down,0.5400000217025653,21.195651,0,"Ethereum Up or Down - March 19, 6:10PM-6:15PM ET"
2026-03-19 22:12:31.000,BUY,Up,0.49,2.74,0,"Bitcoin Up or Down - March 19, 6:10PM-6:15PM ET"
2026-03-19 22:12:31.000,BUY,Up,0.49,14.04,0,"Bitcoin Up or Down - March 19, 6:10PM-6:15PM ET"
2026-03-19 22:12:31.000,BUY,Up,0.49,16.44,0,"Bitcoin Up or Down - March 19, 6:10PM-6:15PM ET"
2026-03-19 22:12:31.000,BUY,Up,0.49,2.74,0,"Bitcoin Up or Down - March 19, 6:10PM-6:15PM ET"
2026-03-19 22:12:31.000,BUY,Up,0.49000005596010754,7.862744,0,"Bitcoin Up or Down - March 19, 6:10PM-6:15PM ET"
2026-03-19 22:12:31.000,,,0,707.905825,0,"Bitcoin Up or Down - March 19, 6:10PM-6:15PM ET"
2026-03-19 22:12:31.000,BUY,Up,0.49,3.31,0,"Bitcoin Up or Down - March 19, 6:10PM-6:15PM ET"
2026-03-19 22:12:29.000,BUY,Up,0.4900000468117482,3.631567,0,"Bitcoin Up or Down - March 19, 6:10PM-6:15PM ET"
2026-03-19 22:12:29.000,BUY,Up,0.4900000089250003,39.215685,0,"Bitcoin Up or Down - March 19, 6:10PM-6:15PM ET"
2026-03-19 22:12:29.000,BUY,Up,0.49,2.99,0,"Bitcoin Up or Down - March 19, 6:10PM-6:15PM ET"
2026-03-19 22:12:25.000,BUY,Up,0.6200001237210339,2.263156,0,"Ethereum Up or Down - March 19, 6:10PM-6:15PM ET"
2026-03-19 22:12:25.000,BUY,Up,0.56,4.92411,0,"Ethereum Up or Down - March 19, 6:10PM-6:15PM ET"
2026-03-19 22:12:23.000,BUY,Up,0.55,5.31,0,"Ethereum Up or Down - March 19, 6:10PM-6:15PM ET"
2026-03-19 22:12:23.000,BUY,Up,0.5500001431819028,2.444443,0,"Ethereum Up or Down - March 19, 6:10PM-6:15PM ET"
2026-03-19 22:12:19.000,BUY,Up,0.35000000650000057,15.384614,0,"Bitcoin Up or Down - March 19, 6:10PM-6:15PM ET"
2026-03-19 22:12:19.000,BUY,Up,0.35,5,0,"Bitcoin Up or Down - March 19, 6:10PM-6:15PM ET"
2026-03-19 22:12:19.000,BUY,Up,0.3500001857145864,1.615382,0,"Bitcoin Up or Down - March 19, 6:10PM-6:15PM ET"
2026-03-19 22:12:19.000,BUY,Up,0.35,16.65,0,"Bitcoin Up or Down - March 19, 6:10PM-6:15PM ET"
2026-03-19 22:12:19.000,BUY,Up,0.35,3,0,"Bitcoin Up or Down - March 19, 6:10PM-6:15PM ET"
2026-03-19 22:12:19.000,BUY,Up,0.35,1.53846,0,"Bitcoin Up or Down - March 19, 6:10PM-6:15PM ET"
2026-03-19 22:12:19.000,BUY,Up,0.35,1.53846,0,"Bitcoin Up or Down - March 19, 6:10PM-6:15PM ET"
2026-03-19 22:12:17.000,BUY,Up,0.35000006500003683,4.615382,0,"Bitcoin Up or Down - March 19, 6:10PM-6:15PM ET"
2026-03-19 22:12:17.000,BUY,Up,0.35,8.46,0,"Bitcoin Up or Down - March 19, 6:10PM-6:15PM ET"
2026-03-19 22:12:17.000,BUY,Up,0.35,1.93,0,"Bitcoin Up or Down - March 19, 6:10PM-6:15PM ET"
2026-03-19 22:12:17.000,BUY,Up,0.35000000650000057,15.384614,0,"Bitcoin Up or Down - March 19, 6:10PM-6:15PM ET"
2026-03-19 22:12:17.000,BUY,Up,0.35000004779412586,6.276922,0,"Bitcoin Up or Down - March 19, 6:10PM-6:15PM ET"
2026-03-19 22:12:11.000,BUY,Up,0.36,0.16,0,"Bitcoin Up or Down - March 19, 6:10PM-6:15PM ET"
2026-03-19 22:12:11.000,BUY,Up,0.36,29,0,"Bitcoin Up or Down - March 19, 6:10PM-6:15PM ET"
2026-03-19 22:12:05.000,BUY,Down,0.53,50,0,"Ethereum Up or Down - March 19, 6:10PM-6:15PM ET"
2026-03-19 22:12:05.000,BUY,Down,0.61,91.43768,0,"Bitcoin Up or Down - March 19, 6:10PM-6:15PM ET"
2026-03-19 22:12:05.000,BUY,Up,0.35000001132404424,13.246151,0,"Bitcoin Up or Down - March 19, 6:10PM-6:15PM ET"
2026-03-19 22:12:03.000,BUY,Up,0.35,5.33,0,"Bitcoin Up or Down - March 19, 6:10PM-6:15PM ET"
