timestamp,time_utc,side,outcome,price,size,usdc,market
1774068215,2026-03-21 04:43:35,,,0.5,1000.0,500.0,"Bitcoin Up or Down - March 21, 12:45AM-12:50AM ET"
1774068255,2026-03-21 04:44:15,BUY,Up,0.14634146341463414,24.50403,3.5859556097560974,"Bitcoin Up or Down - March 21, 12:40AM-12:45AM ET"
1774068265,2026-03-21 04:44:25,BUY,Up,0.2,34.87536,6.975072000000001,"Bitcoin Up or Down - March 21, 12:40AM-12:45AM ET"
1774068303,2026-03-21 04:45:03,,,0.0,891.8,0.0,"Bitcoin Up or Down - March 21, 12:35AM-12:40AM ET"
1774068323,2026-03-21 04:45:23,SELL,Up,0.39,66.7,26.013,"Bitcoin Up or Down - March 21, 12:45AM-12:50AM ET"
1774068345,2026-03-21 04:45:45,BUY,Up,0.5,50.419689999999996,25.209844999999998,"Bitcoin Up or Down - March 21, 12:45AM-12:50AM ET"
1774068347,2026-03-21 04:45:47,SELL,Down,0.41,86.99,35.66589999999999,"Bitcoin Up or Down - March 21, 12:45AM-12:50AM ET"
1774068477,2026-03-21 04:47:57,SELL,Down,0.35,136.13,47.6455,"Bitcoin Up or Down - March 21, 12:45AM-12:50AM ET"
1774068515,2026-03-21 04:48:35,,,0.5,1000.0,500.0,"Bitcoin Up or Down - March 21, 12:50AM-12:55AM ET"
1774068545,2026-03-21 04:49:05,BUY,Down,0.5723067763963701,35.748143,20.45890448248646,"Bitcoin Up or Down - March 21, 12:45AM-12:50AM ET"
1774068547,2026-03-21 04:49:07,BUY,Up,0.42,37.92885,15.930116999999997,"Bitcoin Up or Down - March 21, 12:45AM-12:50AM ET"
1774068603,2026-03-21 04:50:03,,,0.0,1000.0,0.0,"Bitcoin Up or Down - March 21, 12:40AM-12:45AM ET"
1774068611,2026-03-21 04:50:11,SELL,Down,0.3,59.34,17.802,"Bitcoin Up or Down - March 21, 12:50AM-12:55AM ET"
1774068617,2026-03-21 04:50:17,SELL,Down,0.27,35.16,9.4932,"Bitcoin Up or Down - March 21, 12:50AM-12:55AM ET"
1774068639,2026-03-21 04:50:39,BUY,Down,0.45999999467181457,66.522986,30.600573205553196,"Bitcoin Up or Down - March 21, 12:50AM-12:55AM ET"
1774068641,2026-03-21 04:50:41,BUY,Down,0.5299999951559139,69.099868,36.62292970527429,"Bitcoin Up or Down - March 21, 12:50AM-12:55AM ET"
1774068731,2026-03-21 04:52:11,BUY,Down,0.5818508239428315,54.40314600000001,31.65451532518216,"Bitcoin Up or Down - March 21, 12:50AM-12:55AM ET"
1774068749,2026-03-21 04:52:29,BUY,Up,0.5514466283806632,43.874024,24.194182608292294,"Bitcoin Up or Down - March 21, 12:50AM-12:55AM ET"
1774068791,2026-03-21 04:53:11,SELL,Up,0.37,18.63,6.8931,"Bitcoin Up or Down - March 21, 12:50AM-12:55AM ET"
1774068815,2026-03-21 04:53:35,,,0.5,1000.0,500.0,"Bitcoin Up or Down - March 21, 12:55AM-1:00AM ET"
1774068873,2026-03-21 04:54:33,SELL,Up,0.3,128.78,38.634,"Bitcoin Up or Down - March 21, 12:50AM-12:55AM ET"
1774068903,2026-03-21 04:55:03,,,0.0,812.628143,0.0,"Bitcoin Up or Down - March 21, 12:45AM-12:50AM ET"
1774068915,2026-03-21 04:55:15,BUY,Down,0.469553264604811,89.52712,42.03775146666666,"Bitcoin Up or Down - March 21, 12:55AM-1:00AM ET"
1774068919,2026-03-21 04:55:19,SELL,Down,0.42,24.34,10.2228,"Bitcoin Up or Down - March 21, 12:55AM-1:00AM ET"
1774068923,2026-03-21 04:55:23,SELL,Down,0.41,27.05,11.0905,"Bitcoin Up or Down - March 21, 12:55AM-1:00AM ET"
1774068929,2026-03-21 04:55:29,SELL,Down,0.3,65.93,19.779,"Bitcoin Up or Down - March 21, 12:55AM-1:00AM ET"
1774068951,2026-03-21 04:55:51,BUY,Down,0.4058996186312003,44.575275999999995,18.093087528780494,"Bitcoin Up or Down - March 21, 12:55AM-1:00AM ET"
1774068963,2026-03-21 04:56:03,BUY,Down,0.46834128135620967,19.171147,8.978639551048255,"Bitcoin Up or Down - March 21, 12:55AM-1:00AM ET"
1774068973,2026-03-21 04:56:13,BUY,Down,0.523550296325823,59.267818,31.029683676484943,"Bitcoin Up or Down - March 21, 12:55AM-1:00AM ET"
1774068981,2026-03-21 04:56:21,BUY,Down,0.5899999924309206,50.771661,29.955279605705268,"Bitcoin Up or Down - March 21, 12:55AM-1:00AM ET"
1774069009,2026-03-21 04:56:49,BUY,Up,0.4614664753232705,44.996496,20.76437441101764,"Bitcoin Up or Down - March 21, 12:55AM-1:00AM ET"
1774069015,2026-03-21 04:56:55,SELL,Down,0.43,12.98,5.5814,"Bitcoin Up or Down - March 21, 12:55AM-1:00AM ET"
1774069025,2026-03-21 04:57:05,SELL,Down,0.41,9.12,3.7391999999999994,"Bitcoin Up or Down - March 21, 12:55AM-1:00AM ET"
1774069059,2026-03-21 04:57:39,SELL,Down,0.32495915985997664,34.28,11.1396,"Bitcoin Up or Down - March 21, 12:55AM-1:00AM ET"
1774069081,2026-03-21 04:58:01,SELL,Down,0.25,17.58,4.395,"Bitcoin Up or Down - March 21, 12:55AM-1:00AM ET"
1774069095,2026-03-21 04:58:15,BUY,Down,0.41999997394540783,18.905784999999998,7.940429207417481,"Bitcoin Up or Down - March 21, 12:55AM-1:00AM ET"
1774069097,2026-03-21 04:58:17,BUY,Down,0.44999999458266415,27.264867000000002,12.26919000229706,"Bitcoin Up or Down - March 21, 12:55AM-1:00AM ET"
1774069115,2026-03-21 04:58:35,,,0.5,1000.0,500.0,"Bitcoin Up or Down - March 21, 1:00AM-1:05AM ET"
1774069203,2026-03-21 05:00:03,,,0.0,896.464024,0.0,"Bitcoin Up or Down - March 21, 12:50AM-12:55AM ET"
1774069259,2026-03-21 05:00:59,SELL,Down,0.32620732464307883,32.22,10.510399999999999,"Bitcoin Up or Down - March 21, 1:00AM-1:05AM ET"
1774069261,2026-03-21 05:01:01,SELL,Down,0.29,5.0,1.45,"Bitcoin Up or Down - March 21, 1:00AM-1:05AM ET"
1774069279,2026-03-21 05:01:19,BUY,Down,0.4,7.934080000000001,3.1736320000000005,"Bitcoin Up or Down - March 21, 1:00AM-1:05AM ET"
1774069289,2026-03-21 05:01:29,SELL,Down,0.2697890495378052,42.19,11.3824,"Bitcoin Up or Down - March 21, 1:00AM-1:05AM ET"
1774069299,2026-03-21 05:01:39,SELL,Down,0.27,32.46,8.7642,"Bitcoin Up or Down - March 21, 1:00AM-1:05AM ET"
1774069357,2026-03-21 05:02:37,SELL,Down,0.198362007678089,70.33,13.9508,"Bitcoin Up or Down - March 21, 1:00AM-1:05AM ET"
1774069415,2026-03-21 05:03:35,,,0.5,1000.0,500.0,"Bitcoin Up or Down - March 21, 1:05AM-1:10AM ET"
1774069459,2026-03-21 05:04:19,BUY,Down,0.3546268174898561,9.183704,3.2567877222888613,"Bitcoin Up or Down - March 21, 1:00AM-1:05AM ET"
1774069477,2026-03-21 05:04:37,BUY,Down,0.4,13.28096,5.312384000000001,"Bitcoin Up or Down - March 21, 1:00AM-1:05AM ET"
1774069479,2026-03-21 05:04:39,BUY,Down,0.42,9.85165,4.137693,"Bitcoin Up or Down - March 21, 1:00AM-1:05AM ET"
1774069483,2026-03-21 05:04:43,BUY,Down,0.508708034601847,6.095465,3.1008120201343474,"Bitcoin Up or Down - March 21, 1:00AM-1:05AM ET"
1774069503,2026-03-21 05:05:03,,,0.0,1044.996496,0.0,"Bitcoin Up or Down - March 21, 12:55AM-1:00AM ET"
1774069535,2026-03-21 05:05:35,BUY,Down,0.5699999826442285,10.782957,6.146285302853462,"Bitcoin Up or Down - March 21, 1:05AM-1:10AM ET"
1774069569,2026-03-21 05:06:09,SELL,Down,0.33,5.0,1.6500000000000001,"Bitcoin Up or Down - March 21, 1:05AM-1:10AM ET"
1774069569,2026-03-21 05:06:09,SELL,Down,0.4350556117290192,39.56,17.2108,"Bitcoin Up or Down - March 21, 1:05AM-1:10AM ET"
1774069593,2026-03-21 05:06:33,SELL,Down,0.2991026289180991,79.12,23.665,"Bitcoin Up or Down - March 21, 1:05AM-1:10AM ET"
1774069595,2026-03-21 05:06:35,BUY,Down,0.29999999013157863,50.108075,15.032422005512402,"Bitcoin Up or Down - March 21, 1:05AM-1:10AM ET"
1774069619,2026-03-21 05:06:59,BUY,Down,0.4779925314189033,75.131312,35.912206011703425,"Bitcoin Up or Down - March 21, 1:05AM-1:10AM ET"
1774069621,2026-03-21 05:07:01,SELL,Up,0.39,58.47,22.8033,"Bitcoin Up or Down - March 21, 1:05AM-1:10AM ET"
1774069621,2026-03-21 05:07:01,SELL,Up,0.44,48.73,21.4412,"Bitcoin Up or Down - March 21, 1:05AM-1:10AM ET"
1774069629,2026-03-21 05:07:09,BUY,Up,0.5299999691534328,7.021444000000001,3.7213651034125563,"Bitcoin Up or Down - March 21, 1:05AM-1:10AM ET"
1774069715,2026-03-21 05:08:35,,,0.5,1000.0,500.0,"Bitcoin Up or Down - March 21, 1:10AM-1:15AM ET"
1774069769,2026-03-21 05:09:29,SELL,Up,0.29,5.58,1.6181999999999999,"Bitcoin Up or Down - March 21, 1:05AM-1:10AM ET"
1774069803,2026-03-21 05:10:03,,,0.0,1000.0,0.0,"Bitcoin Up or Down - March 21, 1:00AM-1:05AM ET"
1774069859,2026-03-21 05:10:59,SELL,Up,0.33537147954632346,78.47,26.3166,"Bitcoin Up or Down - March 21, 1:10AM-1:15AM ET"
1774070015,2026-03-21 05:13:35,,,0.5,1000.0,500.0,"Bitcoin Up or Down - March 21, 1:15AM-1:20AM ET"
1774070019,2026-03-21 05:13:39,SELL,Up,0.253691359352041,279.03,70.7875,"Bitcoin Up or Down - March 21, 1:10AM-1:15AM ET"
1774070103,2026-03-21 05:15:03,,,0.0,894.241444,0.0,"Bitcoin Up or Down - March 21, 1:05AM-1:10AM ET"
1774070109,2026-03-21 05:15:09,BUY,Up,0.41999999709728864,176.485236,74.12379860771429,"Bitcoin Up or Down - March 21, 1:15AM-1:20AM ET"
1774070115,2026-03-21 05:15:15,BUY,Up,0.5899999937566136,53.660976,31.65997550497379,"Bitcoin Up or Down - March 21, 1:15AM-1:20AM ET"
1774070119,2026-03-21 05:15:19,SELL,Down,0.3481967487849841,59.67,20.7769,"Bitcoin Up or Down - March 21, 1:15AM-1:20AM ET"
1774070121,2026-03-21 05:15:21,SELL,Down,0.3,45.64,13.692,"Bitcoin Up or Down - March 21, 1:15AM-1:20AM ET"
1774070125,2026-03-21 05:15:25,SELL,Down,0.2205252100840336,14.28,3.1491,"Bitcoin Up or Down - March 21, 1:15AM-1:20AM ET"
1774070315,2026-03-21 05:18:35,,,0.5,1000.0,500.0,"Bitcoin Up or Down - March 21, 1:20AM-1:25AM ET"
1774070403,2026-03-21 05:20:03,,,0.0,1000.0,0.0,"Bitcoin Up or Down - March 21, 1:10AM-1:15AM ET"
1774070429,2026-03-21 05:20:29,SELL,Up,0.4,12.66,5.064,"Bitcoin Up or Down - March 21, 1:20AM-1:25AM ET"
1774070467,2026-03-21 05:21:07,BUY,Up,0.5,64.69313,32.346565,"Bitcoin Up or Down - March 21, 1:20AM-1:25AM ET"
1774070481,2026-03-21 05:21:21,SELL,Down,0.31,60.86,18.8666,"Bitcoin Up or Down - March 21, 1:20AM-1:25AM ET"
1774070495,2026-03-21 05:21:35,SELL,Down,0.2,20.28,4.056,"Bitcoin Up or Down - March 21, 1:20AM-1:25AM ET"
1774070495,2026-03-21 05:21:35,SELL,Down,0.16,11.36,1.8175999999999999,"Bitcoin Up or Down - March 21, 1:20AM-1:25AM ET"
1774070525,2026-03-21 05:22:05,BUY,Down,0.34197097167534884,62.248174,21.287068547796185,"Bitcoin Up or Down - March 21, 1:20AM-1:25AM ET"
1774070567,2026-03-21 05:22:47,SELL,Down,0.19653806047966632,105.49,20.732799999999997,"Bitcoin Up or Down - March 21, 1:20AM-1:25AM ET"
1774070571,2026-03-21 05:22:51,SELL,Down,0.16,121.72,19.4752,"Bitcoin Up or Down - March 21, 1:20AM-1:25AM ET"
1774070603,2026-03-21 05:23:23,SELL,Up,0.81,7.41,6.0021,"Bitcoin Up or Down - March 21, 1:20AM-1:25AM ET"
1774070615,2026-03-21 05:23:35,,,0.5,1000.0,500.0,"Bitcoin Up or Down - March 21, 1:25AM-1:30AM ET"
1774070621,2026-03-21 05:23:41,SELL,Up,0.8,5.48,4.384,"Bitcoin Up or Down - March 21, 1:20AM-1:25AM ET"
1774070653,2026-03-21 05:24:13,BUY,Down,0.38301335444526735,43.327563999999995,16.595035627582003,"Bitcoin Up or Down - March 21, 1:20AM-1:25AM ET"
1774070657,2026-03-21 05:24:17,SELL,Up,0.38,7.54,2.8652,"Bitcoin Up or Down - March 21, 1:20AM-1:25AM ET"
1774070667,2026-03-21 05:24:27,SELL,Up,0.29850231941683236,60.36,18.0176,"Bitcoin Up or Down - March 21, 1:20AM-1:25AM ET"
1774070703,2026-03-21 05:25:03,,,0.0,1230.146212,0.0,"Bitcoin Up or Down - March 21, 1:15AM-1:20AM ET"
1774070725,2026-03-21 05:25:25,SELL,Down,0.4,74.17,29.668000000000003,"Bitcoin Up or Down - March 21, 1:25AM-1:30AM ET"
1774070763,2026-03-21 05:26:03,SELL,Down,0.29,104.14,30.200599999999998,"Bitcoin Up or Down - March 21, 1:25AM-1:30AM ET"
1774070765,2026-03-21 05:26:05,BUY,Down,0.36999995771428124,12.130256,4.4881942070634055,"Bitcoin Up or Down - March 21, 1:25AM-1:30AM ET"
1774070765,2026-03-21 05:26:05,BUY,Down,0.35,5.3301300000000005,1.8655455,"Bitcoin Up or Down - March 21, 1:25AM-1:30AM ET"
1774070791,2026-03-21 05:26:31,BUY,Down,0.32,17.72517,5.6720543999999995,"Bitcoin Up or Down - March 21, 1:25AM-1:30AM ET"
1774070807,2026-03-21 05:26:47,BUY,Down,0.3323076923076923,19.26001,6.4002494769230776,"Bitcoin Up or Down - March 21, 1:25AM-1:30AM ET"
1774070809,2026-03-21 05:26:49,SELL,Down,0.25727692307692307,13.0,3.3446,"Bitcoin Up or Down - March 21, 1:25AM-1:30AM ET"
1774070819,2026-03-21 05:26:59,BUY,Down,0.3317575419220044,14.379942,4.770654210900992,"Bitcoin Up or Down - March 21, 1:25AM-1:30AM ET"
1774070827,2026-03-21 05:27:07,SELL,Down,0.23226117440841368,45.64,10.6004,"Bitcoin Up or Down - March 21, 1:25AM-1:30AM ET"
1774070829,2026-03-21 05:27:09,BUY,Down,0.36,32.56206,11.7223416,"Bitcoin Up or Down - March 21, 1:25AM-1:30AM ET"
1774070835,2026-03-21 05:27:15,SELL,Down,0.2784507042253521,63.9,17.793,"Bitcoin Up or Down - March 21, 1:25AM-1:30AM ET"
1774070853,2026-03-21 05:27:33,SELL,Down,0.2,45.64,9.128,"Bitcoin Up or Down - March 21, 1:25AM-1:30AM ET"
1774070915,2026-03-21 05:28:35,,,0.5,1000.0,500.0,"Bitcoin Up or Down - March 21, 1:30AM-1:35AM ET"
1774071003,2026-03-21 05:30:03,,,0.0,971.24313,0.0,"Bitcoin Up or Down - March 21, 1:20AM-1:25AM ET"
1774071037,2026-03-21 05:30:37,SELL,Up,0.39293537247163296,60.81,23.8944,"Bitcoin Up or Down - March 21, 1:30AM-1:35AM ET"
1774071041,2026-03-21 05:30:41,SELL,Up,0.3272010869565217,40.48,13.245099999999999,"Bitcoin Up or Down - March 21, 1:30AM-1:35AM ET"
1774071057,2026-03-21 05:30:57,SELL,Up,0.26612056434373665,116.95,31.1228,"Bitcoin Up or Down - March 21, 1:30AM-1:35AM ET"
1774071073,2026-03-21 05:31:13,SELL,Up,0.25,28.11,7.0275,"Bitcoin Up or Down - March 21, 1:30AM-1:35AM ET"
1774071093,2026-03-21 05:31:33,BUY,Up,0.25999998688288234,42.297216,10.997275605182441,"Bitcoin Up or Down - March 21, 1:30AM-1:35AM ET"
1774071105,2026-03-21 05:31:45,BUY,Up,0.3016445767463641,41.89772,12.638220016037673,"Bitcoin Up or Down - March 21, 1:30AM-1:35AM ET"
1774071117,2026-03-21 05:31:57,BUY,Up,0.3299999921124028,46.335799,15.290813304521881,"Bitcoin Up or Down - March 21, 1:30AM-1:35AM ET"
1774071119,2026-03-21 05:31:59,BUY,Up,0.35850683524442173,66.08667100000001,23.692523272049307,"Bitcoin Up or Down - March 21, 1:30AM-1:35AM ET"
1774071127,2026-03-21 05:32:07,SELL,Down,0.27572,5.0,1.3786,"Bitcoin Up or Down - March 21, 1:30AM-1:35AM ET"
1774071131,2026-03-21 05:32:11,SELL,Down,0.12,5.0,0.6,"Bitcoin Up or Down - March 21, 1:30AM-1:35AM ET"
1774071157,2026-03-21 05:32:37,SELL,Down,0.18,86.39,15.5502,"Bitcoin Up or Down - March 21, 1:30AM-1:35AM ET"
1774071159,2026-03-21 05:32:39,BUY,Down,0.3099999842513363,35.779557000000004,11.09166210651979,"Bitcoin Up or Down - March 21, 1:30AM-1:35AM ET"
1774071161,2026-03-21 05:32:41,BUY,Down,0.40249175957175093,35.847493,14.428320533806025,"Bitcoin Up or Down - March 21, 1:30AM-1:35AM ET"
1774071167,2026-03-21 05:32:47,BUY,Down,0.550266493185617,15.174773,8.350169123597786,"Bitcoin Up or Down - March 21, 1:30AM-1:35AM ET"
1774071179,2026-03-21 05:32:59,SELL,Up,0.2799295010845987,18.44,5.1619,"Bitcoin Up or Down - March 21, 1:30AM-1:35AM ET"
1774071183,2026-03-21 05:33:03,SELL,Up,0.19,54.48,10.3512,"Bitcoin Up or Down - March 21, 1:30AM-1:35AM ET"
1774071189,2026-03-21 05:33:09,SELL,Up,0.15428101503759398,42.56,6.5662,"Bitcoin Up or Down - March 21, 1:30AM-1:35AM ET"
1774071193,2026-03-21 05:33:13,SELL,Up,0.1,31.82,3.1820000000000004,"Bitcoin Up or Down - March 21, 1:30AM-1:35AM ET"
1774071215,2026-03-21 05:33:35,,,0.5,1000.0,500.0,"Bitcoin Up or Down - March 21, 1:35AM-1:40AM ET"
1774071249,2026-03-21 05:34:09,SELL,Down,0.94,6.91,6.4954,"Bitcoin Up or Down - March 21, 1:30AM-1:35AM ET"
1774071303,2026-03-21 05:35:03,,,0.0,1000.0,0.0,"Bitcoin Up or Down - March 21, 1:25AM-1:30AM ET"
1774071325,2026-03-21 05:35:25,SELL,Down,0.37,5.89,2.1793,"Bitcoin Up or Down - March 21, 1:35AM-1:40AM ET"
1774071371,2026-03-21 05:36:11,SELL,Down,0.3207857142857143,49.0,15.7185,"Bitcoin Up or Down - March 21, 1:35AM-1:40AM ET"
1774071405,2026-03-21 05:36:45,SELL,Down,0.24,72.6,17.424,"Bitcoin Up or Down - March 21, 1:35AM-1:40AM ET"
1774071461,2026-03-21 05:37:41,SELL,Down,0.1815086695835359,61.71,11.2009,"Bitcoin Up or Down - March 21, 1:35AM-1:40AM ET"
1774071471,2026-03-21 05:37:51,BUY,Down,0.2,30.8016,6.1603200000000005,"Bitcoin Up or Down - March 21, 1:35AM-1:40AM ET"
1774071515,2026-03-21 05:38:35,,,0.5,1000.0,500.0,"Bitcoin Up or Down - March 21, 1:40AM-1:45AM ET"
1774071553,2026-03-21 05:39:13,BUY,Down,0.11741734588666544,36.183431999999996,4.248562550510639,"Bitcoin Up or Down - March 21, 1:35AM-1:40AM ET"
1774071603,2026-03-21 05:40:03,,,0.0,983.501823,0.0,"Bitcoin Up or Down - March 21, 1:30AM-1:35AM ET"
1774071633,2026-03-21 05:40:33,SELL,Down,0.35,5.44,1.904,"Bitcoin Up or Down - March 21, 1:40AM-1:45AM ET"
1774071711,2026-03-21 05:41:51,SELL,Down,0.24,36.3,8.712,"Bitcoin Up or Down - March 21, 1:40AM-1:45AM ET"
1774071725,2026-03-21 05:42:05,BUY,Down,0.2899999736363608,17.263354,5.006372204875164,"Bitcoin Up or Down - March 21, 1:40AM-1:45AM ET"
1774071787,2026-03-21 05:43:07,SELL,Down,0.17050052502625132,28.57,4.8712,"Bitcoin Up or Down - March 21, 1:40AM-1:45AM ET"
1774071795,2026-03-21 05:43:15,BUY,Down,0.22999998395348795,44.51774399999999,10.239080405645483,"Bitcoin Up or Down - March 21, 1:40AM-1:45AM ET"
1774071799,2026-03-21 05:43:19,BUY,Down,0.24861327814697434,34.210356999999995,8.50514900034829,"Bitcoin Up or Down - March 21, 1:40AM-1:45AM ET"
1774071805,2026-03-21 05:43:25,BUY,Down,0.35460132985745635,52.044756,18.45513968970683,"Bitcoin Up or Down - March 21, 1:40AM-1:45AM ET"
1774071815,2026-03-21 05:43:35,,,0.5,1000.0,500.0,"Bitcoin Up or Down - March 21, 1:45AM-1:50AM ET"
1774071863,2026-03-21 05:44:23,SELL,Down,0.11545910628864776,85.71,9.895999999999999,"Bitcoin Up or Down - March 21, 1:40AM-1:45AM ET"
1774071903,2026-03-21 05:45:03,,,0.0,877.785032,0.0,"Bitcoin Up or Down - March 21, 1:35AM-1:40AM ET"
1774071913,2026-03-21 05:45:13,BUY,Down,0.5830715887710871,111.115761,64.78844330377841,"Bitcoin Up or Down - March 21, 1:45AM-1:50AM ET"
1774071927,2026-03-21 05:45:27,SELL,Up,0.34,30.18,10.2612,"Bitcoin Up or Down - March 21, 1:45AM-1:50AM ET"
1774071967,2026-03-21 05:46:07,SELL,Up,0.3,59.12,17.735999999999997,"Bitcoin Up or Down - March 21, 1:45AM-1:50AM ET"
1774071969,2026-03-21 05:46:09,SELL,Up,0.27295454545454545,30.36,8.2869,"Bitcoin Up or Down - March 21, 1:45AM-1:50AM ET"
1774072013,2026-03-21 05:46:53,BUY,Up,0.43999992795318604,3.827382,1.6840478042493212,"Bitcoin Up or Down - March 21, 1:45AM-1:50AM ET"
1774072043,2026-03-21 05:47:23,SELL,Up,0.26,5.06,1.3155999999999999,"Bitcoin Up or Down - March 21, 1:45AM-1:50AM ET"
1774072061,2026-03-21 05:47:41,SELL,Up,0.2,5.06,1.012,"Bitcoin Up or Down - March 21, 1:45AM-1:50AM ET"
1774072115,2026-03-21 05:48:35,,,0.5,1000.0,500.0,"Bitcoin Up or Down - March 21, 1:50AM-1:55AM ET"
1774072127,2026-03-21 05:48:47,SELL,Down,0.81,28.57,23.1417,"Bitcoin Up or Down - March 21, 1:45AM-1:50AM ET"
1774072203,2026-03-21 05:50:03,,,0.0,1000.0,0.0,"Bitcoin Up or Down - March 21, 1:40AM-1:45AM ET"
1774072215,2026-03-21 05:50:15,SELL,Up,0.27,17.1,4.617000000000001,"Bitcoin Up or Down - March 21, 1:50AM-1:55AM ET"
1774072219,2026-03-21 05:50:19,SELL,Up,0.24,13.51,3.2424,"Bitcoin Up or Down - March 21, 1:50AM-1:55AM ET"
1774072291,2026-03-21 05:51:31,SELL,Up,0.2,62.78,12.556000000000001,"Bitcoin Up or Down - March 21, 1:50AM-1:55AM ET"
1774072295,2026-03-21 05:51:35,SELL,Up,0.19,51.59,9.802100000000001,"Bitcoin Up or Down - March 21, 1:50AM-1:55AM ET"
1774072415,2026-03-21 05:53:35,,,0.5,1000.0,500.0,"Bitcoin Up or Down - March 21, 1:55AM-2:00AM ET"
1774072503,2026-03-21 05:55:03,,,0.0,1082.545761,0.0,"Bitcoin Up or Down - March 21, 1:45AM-1:50AM ET"
1774072545,2026-03-21 05:55:45,SELL,Up,0.3343012808258459,52.31,17.4873,"Bitcoin Up or Down - March 21, 1:55AM-2:00AM ET"
1774072639,2026-03-21 05:57:19,BUY,Up,0.5199999984068627,123.5832,64.263263803115,"Bitcoin Up or Down - March 21, 1:55AM-2:00AM ET"
1774072645,2026-03-21 05:57:25,BUY,Up,0.5199999832258002,4.694949,2.4413734012459876,"Bitcoin Up or Down - March 21, 1:55AM-2:00AM ET"
1774072673,2026-03-21 05:57:53,SELL,Up,0.3633903433758716,76.01,27.621300000000005,"Bitcoin Up or Down - March 21, 1:55AM-2:00AM ET"
1774072715,2026-03-21 05:58:35,,,0.5,1000.0,500.0,"Bitcoin Up or Down - March 21, 2:00AM-2:05AM ET"
1774072775,2026-03-21 05:59:35,BUY,Up,0.4499999956946038,57.177435,25.72984550382849,"Bitcoin Up or Down - March 21, 1:55AM-2:00AM ET"
1774072783,2026-03-21 05:59:43,SELL,Up,0.25,7.73,1.9325,"Bitcoin Up or Down - March 21, 1:55AM-2:00AM ET"
1774072785,2026-03-21 05:59:45,SELL,Up,0.2,5.0,1.0,"Bitcoin Up or Down - March 21, 1:55AM-2:00AM ET"
1774072827,2026-03-21 06:00:27,,,0.0,1000.0,0.0,"Bitcoin Up or Down - March 21, 1:50AM-1:55AM ET"
1774072859,2026-03-21 06:00:59,BUY,Down,0.5199999832258002,4.694949,2.4413734012459876,"Bitcoin Up or Down - March 21, 2:00AM-2:05AM ET"
1774072863,2026-03-21 06:01:03,SELL,Up,0.43875833760903027,19.49,8.5514,"Bitcoin Up or Down - March 21, 2:00AM-2:05AM ET"
1774072867,2026-03-21 06:01:07,SELL,Up,0.3493483837865572,58.47,20.426399999999997,"Bitcoin Up or Down - March 21, 2:00AM-2:05AM ET"
1774072909,2026-03-21 06:01:49,SELL,Up,0.25278367044893935,81.08,20.495700000000003,"Bitcoin Up or Down - March 21, 2:00AM-2:05AM ET"
1774072911,2026-03-21 06:01:51,BUY,Up,0.4,25.7488,10.299520000000001,"Bitcoin Up or Down - March 21, 2:00AM-2:05AM ET"
1774072915,2026-03-21 06:01:55,BUY,Up,0.5399999971769976,48.827601,26.36690440215957,"Bitcoin Up or Down - March 21, 2:00AM-2:05AM ET"
1774072917,2026-03-21 06:01:57,SELL,Down,0.36,9.89,3.5604,"Bitcoin Up or Down - March 21, 2:00AM-2:05AM ET"
1774072919,2026-03-21 06:01:59,SELL,Down,0.30808129834673137,65.93,20.3118,"Bitcoin Up or Down - March 21, 2:00AM-2:05AM ET"
1774072933,2026-03-21 06:02:13,SELL,Down,0.41,39.56,16.2196,"Bitcoin Up or Down - March 21, 2:00AM-2:05AM ET"
1774072935,2026-03-21 06:02:15,BUY,Down,0.4968814458304685,80.17548,39.837708422551806,"Bitcoin Up or Down - March 21, 2:00AM-2:05AM ET"
1774073015,2026-03-21 06:03:35,,,0.5,1000.0,500.0,"Bitcoin Up or Down - March 21, 2:05AM-2:10AM ET"
1774073091,2026-03-21 06:04:51,SELL,Up,0.8,5.0,4.0,"Bitcoin Up or Down - March 21, 2:00AM-2:05AM ET"
1774073103,2026-03-21 06:05:03,,,0.0,1000.0,0.0,"Bitcoin Up or Down - March 21, 1:55AM-2:00AM ET"
1774073111,2026-03-21 06:05:11,BUY,Up,0.5048992690987794,38.057215,19.2150600374351,"Bitcoin Up or Down - March 21, 2:05AM-2:10AM ET"
1774073113,2026-03-21 06:05:13,SELL,Down,0.31628672845592587,50.71,16.0389,"Bitcoin Up or Down - March 21, 2:05AM-2:10AM ET"
1774073121,2026-03-21 06:05:21,SELL,Down,0.27,16.23,4.3821,"Bitcoin Up or Down - March 21, 2:05AM-2:10AM ET"
1774073123,2026-03-21 06:05:23,BUY,Down,0.2699999887298746,61.507889999999996,16.607129606798363,"Bitcoin Up or Down - March 21, 2:05AM-2:10AM ET"
1774073127,2026-03-21 06:05:27,BUY,Down,0.31,22.73692,7.048445200000001,"Bitcoin Up or Down - March 21, 2:05AM-2:10AM ET"
1774073131,2026-03-21 06:05:31,BUY,Down,0.4,40.483520000000006,16.193408,"Bitcoin Up or Down - March 21, 2:05AM-2:10AM ET"
1774073141,2026-03-21 06:05:41,BUY,Down,0.4546885540814032,21.89327,9.954619280413763,"Bitcoin Up or Down - March 21, 2:05AM-2:10AM ET"
1774073213,2026-03-21 06:06:53,SELL,Up,0.3902516033547114,60.81,23.7312,"Bitcoin Up or Down - March 21, 2:05AM-2:10AM ET"
1774073227,2026-03-21 06:07:07,SELL,Up,0.37756306113723814,23.39,8.8312,"Bitcoin Up or Down - March 21, 2:05AM-2:10AM ET"
1774073233,2026-03-21 06:07:13,SELL,Down,0.46164311534669733,60.86,28.0956,"Bitcoin Up or Down - March 21, 2:05AM-2:10AM ET"
1774073315,2026-03-21 06:08:35,,,0.5,1000.0,500.0,"Bitcoin Up or Down - March 21, 2:10AM-2:15AM ET"
1774073353,2026-03-21 06:09:13,SELL,Up,0.38,19.07,7.2466,"Bitcoin Up or Down - March 21, 2:05AM-2:10AM ET"
1774073375,2026-03-21 06:09:35,SELL,Up,0.2362121447429725,128.78,30.4194,"Bitcoin Up or Down - March 21, 2:05AM-2:10AM ET"
1774073413,2026-03-21 06:10:13,,,0.0,910.536401,0.0,"Bitcoin Up or Down - March 21, 2:00AM-2:05AM ET"
1774073475,2026-03-21 06:11:15,BUY,Up,0.4399999953439152,59.223602,26.058384604249888,"Bitcoin Up or Down - March 21, 2:10AM-2:15AM ET"
1774073589,2026-03-21 06:13:09,SELL,Up,0.32,121.63,38.9216,"Bitcoin Up or Down - March 21, 2:10AM-2:15AM ET"
1774073615,2026-03-21 06:13:35,,,0.5,1000.0,500.0,"Bitcoin Up or Down - March 21, 2:15AM-2:20AM ET"
1774073649,2026-03-21 06:14:09,BUY,Up,0.5499999979779411,24.348601,13.391730500765693,"Bitcoin Up or Down - March 21, 2:10AM-2:15AM ET"
1774073687,2026-03-21 06:14:47,BUY,Up,0.58,33.00302,19.1417516,"Bitcoin Up or Down - March 21, 2:10AM-2:15AM ET"
1774073705,2026-03-21 06:15:05,,,0.0,806.007215,0.0,"Bitcoin Up or Down - March 21, 2:05AM-2:10AM ET"
1774073729,2026-03-21 06:15:29,SELL,Down,0.36,38.03,13.6908,"Bitcoin Up or Down - March 21, 2:15AM-2:20AM ET"
1774073751,2026-03-21 06:15:51,BUY,Down,0.4007653208841187,72.744589,29.153508553168333,"Bitcoin Up or Down - March 21, 2:15AM-2:20AM ET"
1774073753,2026-03-21 06:15:53,BUY,Down,0.5,15.86813,7.934065,"Bitcoin Up or Down - March 21, 2:15AM-2:20AM ET"
1774073757,2026-03-21 06:15:57,BUY,Down,0.6,4.993715000000001,2.9962290000000005,"Bitcoin Up or Down - March 21, 2:15AM-2:20AM ET"
1774073787,2026-03-21 06:16:27,BUY,Up,0.43999998581684924,30.551855999999997,13.442816206678419,"Bitcoin Up or Down - March 21, 2:15AM-2:20AM ET"
1774073791,2026-03-21 06:16:31,SELL,Down,0.43355616438356165,18.25,7.9124,"Bitcoin Up or Down - March 21, 2:15AM-2:20AM ET"
1774073799,2026-03-21 06:16:39,SELL,Down,0.32,7.49,2.3968000000000003,"Bitcoin Up or Down - March 21, 2:15AM-2:20AM ET"
1774073815,2026-03-21 06:16:55,SELL,Down,0.28,40.57,11.3596,"Bitcoin Up or Down - March 21, 2:15AM-2:20AM ET"
1774073839,2026-03-21 06:17:19,BUY,Down,0.48,27.02247,12.9707856,"Bitcoin Up or Down - March 21, 2:15AM-2:20AM ET"
1774073857,2026-03-21 06:17:37,BUY,Up,0.5999999879032248,16.295262,9.77715700287988,"Bitcoin Up or Down - March 21, 2:15AM-2:20AM ET"
1774073859,2026-03-21 06:17:39,SELL,Down,0.33,10.95,3.6135,"Bitcoin Up or Down - March 21, 2:15AM-2:20AM ET"
1774073879,2026-03-21 06:17:59,SELL,Down,0.25,7.3,1.825,"Bitcoin Up or Down - March 21, 2:15AM-2:20AM ET"
1774073883,2026-03-21 06:18:03,SELL,Down,0.10259885386819484,34.9,3.5806999999999998,"Bitcoin Up or Down - March 21, 2:15AM-2:20AM ET"
1774073889,2026-03-21 06:18:09,SELL,Down,0.07,68.47,4.7929,"Bitcoin Up or Down - March 21, 2:15AM-2:20AM ET"
1774073915,2026-03-21 06:18:35,,,0.5,1000.0,500.0,"Bitcoin Up or Down - March 21, 2:20AM-2:25AM ET"
1774074003,2026-03-21 06:20:03,,,0.0,1000.0,0.0,"Bitcoin Up or Down - March 21, 2:10AM-2:15AM ET"
1774074013,2026-03-21 06:20:13,BUY,Up,0.4199999925842695,58.453112,24.550306606527474,"Bitcoin Up or Down - March 21, 2:20AM-2:25AM ET"
1774074015,2026-03-21 06:20:15,SELL,Up,0.37,56.34,20.8458,"Bitcoin Up or Down - March 21, 2:20AM-2:25AM ET"
1774074019,2026-03-21 06:20:19,SELL,Up,0.25714357429718876,19.92,5.122300000000001,"Bitcoin Up or Down - March 21, 2:20AM-2:25AM ET"
1774074065,2026-03-21 06:21:05,SELL,Up,0.21,22.67,4.7607,"Bitcoin Up or Down - March 21, 2:20AM-2:25AM ET"
1774074089,2026-03-21 06:21:29,BUY,Up,0.23999999038718264,61.897525,14.855405404990398,"Bitcoin Up or Down - March 21, 2:20AM-2:25AM ET"
1774074099,2026-03-21 06:21:39,SELL,Up,0.21,12.87,2.7026999999999997,"Bitcoin Up or Down - March 21, 2:20AM-2:25AM ET"
1774074107,2026-03-21 06:21:47,SELL,Up,0.158862167982771,27.86,4.4259,"Bitcoin Up or Down - March 21, 2:20AM-2:25AM ET"
1774074135,2026-03-21 06:22:15,BUY,Up,0.2799999556097496,11.595263999999998,3.2466734052833273,"Bitcoin Up or Down - March 21, 2:20AM-2:25AM ET"
1774074215,2026-03-21 06:23:35,,,0.5,1000.0,500.0,"Bitcoin Up or Down - March 21, 2:25AM-2:30AM ET"
1774074235,2026-03-21 06:23:55,BUY,Up,0.1286757032045619,45.165310999999996,5.811678153377734,"Bitcoin Up or Down - March 21, 2:20AM-2:25AM ET"
1774074255,2026-03-21 06:24:15,BUY,Up,0.16640559997793936,20.93177,3.4831637454502316,"Bitcoin Up or Down - March 21, 2:20AM-2:25AM ET"
1774074257,2026-03-21 06:24:17,BUY,Up,0.3441161021117145,51.813924,17.830005561992614,"Bitcoin Up or Down - March 21, 2:20AM-2:25AM ET"
1774074263,2026-03-21 06:24:23,SELL,Down,0.36,15.21,5.4756,"Bitcoin Up or Down - March 21, 2:20AM-2:25AM ET"
1774074265,2026-03-21 06:24:25,SELL,Down,0.27,44.94,12.1338,"Bitcoin Up or Down - March 21, 2:20AM-2:25AM ET"
1774074289,2026-03-21 06:24:49,SELL,Down,0.11,85.71,9.428099999999999,"Bitcoin Up or Down - March 21, 2:20AM-2:25AM ET"
1774074303,2026-03-21 06:25:03,,,0.0,1046.847118,0.0,"Bitcoin Up or Down - March 21, 2:15AM-2:20AM ET"
1774074313,2026-03-21 06:25:13,BUY,Up,0.5332337936150606,167.53380800000002,89.3346879986172,"Bitcoin Up or Down - March 21, 2:25AM-2:30AM ET"
1774074319,2026-03-21 06:25:19,BUY,Down,0.5,25.810319999999997,12.905159999999999,"Bitcoin Up or Down - March 21, 2:25AM-2:30AM ET"
1774074323,2026-03-21 06:25:23,SELL,Down,0.4,13.18,5.272,"Bitcoin Up or Down - March 21, 2:25AM-2:30AM ET"
1774074335,2026-03-21 06:25:35,BUY,Down,0.42999999514557313,38.551723,16.57724070285348,"Bitcoin Up or Down - March 21, 2:25AM-2:30AM ET"
1774074347,2026-03-21 06:25:47,SELL,Down,0.30479436229205176,86.56,26.383,"Bitcoin Up or Down - March 21, 2:25AM-2:30AM ET"
1774074369,2026-03-21 06:26:09,BUY,Down,0.42931424304378235,51.232639999999996,21.994902060734603,"Bitcoin Up or Down - March 21, 2:25AM-2:30AM ET"
1774074377,2026-03-21 06:26:17,BUY,Down,0.5299998001983295,4.680965,2.480910514735373,"Bitcoin Up or Down - March 21, 2:25AM-2:30AM ET"
1774074401,2026-03-21 06:26:41,SELL,Up,0.3334402277039848,52.7,17.5723,"Bitcoin Up or Down - March 21, 2:25AM-2:30AM ET"
1774074409,2026-03-21 06:26:49,SELL,Up,0.30820414146967196,54.57,16.8187,"Bitcoin Up or Down - March 21, 2:25AM-2:30AM ET"
1774074415,2026-03-21 06:26:55,SELL,Up,0.15,5.0,0.75,"Bitcoin Up or Down - March 21, 2:25AM-2:30AM ET"
1774074439,2026-03-21 06:27:19,BUY,Up,0.22999998749554323,48.400107,11.132024004782954,"Bitcoin Up or Down - March 21, 2:25AM-2:30AM ET"
1774074447,2026-03-21 06:27:27,BUY,Up,0.23999997405405274,25.990351999999998,6.237683805655697,"Bitcoin Up or Down - March 21, 2:25AM-2:30AM ET"
1774074485,2026-03-21 06:28:05,BUY,Up,0.25,61.018950000000004,15.254737500000001,"Bitcoin Up or Down - March 21, 2:25AM-2:30AM ET"
1774074515,2026-03-21 06:28:35,,,0.5,1000.0,500.0,"Bitcoin Up or Down - March 21, 2:30AM-2:35AM ET"
1774074515,2026-03-21 06:28:35,BUY,Up,0.40999998487993067,28.022993,11.489426706290402,"Bitcoin Up or Down - March 21, 2:25AM-2:30AM ET"
1774074561,2026-03-21 06:29:21,SELL,Up,0.07,57.01,3.9907000000000004,"Bitcoin Up or Down - March 21, 2:25AM-2:30AM ET"
1774074605,2026-03-21 06:30:05,,,0.0,1110.196906,0.0,"Bitcoin Up or Down - March 21, 2:20AM-2:25AM ET"
1774074621,2026-03-21 06:30:21,SELL,Up,0.3,17.0,5.1,"Bitcoin Up or Down - March 21, 2:30AM-2:35AM ET"
1774074623,2026-03-21 06:30:23,SELL,Up,0.28,26.15,7.322,"Bitcoin Up or Down - March 21, 2:30AM-2:35AM ET"
1774074629,2026-03-21 06:30:29,BUY,Up,0.38999999322238577,85.819591,33.46963990834792,"Bitcoin Up or Down - March 21, 2:30AM-2:35AM ET"
1774074639,2026-03-21 06:30:39,SELL,Up,0.31,10.43,3.2333,"Bitcoin Up or Down - March 21, 2:30AM-2:35AM ET"
1774074641,2026-03-21 06:30:41,SELL,Up,0.28,6.21,1.7388000000000001,"Bitcoin Up or Down - March 21, 2:30AM-2:35AM ET"
1774074651,2026-03-21 06:30:51,SELL,Up,0.27,30.95,8.3565,"Bitcoin Up or Down - March 21, 2:30AM-2:35AM ET"
1774074653,2026-03-21 06:30:53,SELL,Up,0.26,34.78,9.0428,"Bitcoin Up or Down - March 21, 2:30AM-2:35AM ET"
1774074657,2026-03-21 06:30:57,SELL,Up,0.24,16.14,3.8736,"Bitcoin Up or Down - March 21, 2:30AM-2:35AM ET"
1774074711,2026-03-21 06:31:51,BUY,Up,0.25832201086956524,58.339670000000005,15.07042086786685,"Bitcoin Up or Down - March 21, 2:30AM-2:35AM ET"
1774074751,2026-03-21 06:32:31,BUY,Up,0.25,34.01836,8.50459,"Bitcoin Up or Down - March 21, 2:30AM-2:35AM ET"
1774074797,2026-03-21 06:33:17,BUY,Up,0.18,25.8584,4.6545119999999995,"Bitcoin Up or Down - March 21, 2:30AM-2:35AM ET"
1774074815,2026-03-21 06:33:35,,,0.5,1000.0,500.0,"Bitcoin Up or Down - March 21, 2:35AM-2:40AM ET"
1774074831,2026-03-21 06:33:51,BUY,Up,0.05,115.93457,5.7967285,"Bitcoin Up or Down - March 21, 2:30AM-2:35AM ET"
1774074903,2026-03-21 06:35:03,,,0.0,1161.68621,0.0,"Bitcoin Up or Down - March 21, 2:25AM-2:30AM ET"
1774074909,2026-03-21 06:35:09,BUY,Up,0.45124181921043593,47.265057999999996,21.327970757006767,"Bitcoin Up or Down - March 21, 2:35AM-2:40AM ET"
1774074919,2026-03-21 06:35:19,BUY,Up,0.48999999452950543,50.384572,24.688440004371472,"Bitcoin Up or Down - March 21, 2:35AM-2:40AM ET"
1774074923,2026-03-21 06:35:23,BUY,Down,0.56,12.80269,7.1695064,"Bitcoin Up or Down - March 21, 2:35AM-2:40AM ET"
1774074925,2026-03-21 06:35:25,SELL,Up,0.3889485945022519,64.39,25.0444,"Bitcoin Up or Down - March 21, 2:35AM-2:40AM ET"
1774074927,2026-03-21 06:35:27,BUY,Up,0.42999997417891994,18.691743,8.037449007359006,"Bitcoin Up or Down - March 21, 2:35AM-2:40AM ET"
1774074931,2026-03-21 06:35:31,SELL,Up,0.35766937022900763,41.92,14.993500000000001,"Bitcoin Up or Down - March 21, 2:35AM-2:40AM ET"
1774074933,2026-03-21 06:35:33,SELL,Up,0.3,37.14,11.142,"Bitcoin Up or Down - March 21, 2:35AM-2:40AM ET"
1774074933,2026-03-21 06:35:33,SELL,Up,0.34,21.79,7.4086,"Bitcoin Up or Down - March 21, 2:35AM-2:40AM ET"
1774074935,2026-03-21 06:35:35,BUY,Up,0.44960902777473694,25.186206,11.323945592994246,"Bitcoin Up or Down - March 21, 2:35AM-2:40AM ET"
1774074951,2026-03-21 06:35:51,SELL,Up,0.33,43.59,14.384700000000002,"Bitcoin Up or Down - March 21, 2:35AM-2:40AM ET"
1774074957,2026-03-21 06:35:57,BUY,Up,0.439999872888855,4.028817999999999,1.7726794078923307,"Bitcoin Up or Down - March 21, 2:35AM-2:40AM ET"
1774074963,2026-03-21 06:36:03,BUY,Up,0.4991748612266608,28.87015,14.41125311984288,"Bitcoin Up or Down - March 21, 2:35AM-2:40AM ET"
1774074967,2026-03-21 06:36:07,BUY,Up,0.47193345050900115,31.812156,15.013220549210624,"Bitcoin Up or Down - March 21, 2:35AM-2:40AM ET"
1774074977,2026-03-21 06:36:17,BUY,Up,0.49887351142581265,40.98328,20.44547280334728,"Bitcoin Up or Down - March 21, 2:35AM-2:40AM ET"
1774075005,2026-03-21 06:36:45,BUY,Up,0.5499999949179948,77.503738,42.6270555061256,"Bitcoin Up or Down - March 21, 2:35AM-2:40AM ET"
1774075115,2026-03-21 06:38:35,,,0.5,1000.0,500.0,"Bitcoin Up or Down - March 21, 2:40AM-2:45AM ET"
1774075163,2026-03-21 06:39:23,BUY,Down,0.4598559797478254,27.234192,12.523806044800388,"Bitcoin Up or Down - March 21, 2:35AM-2:40AM ET"
1774075175,2026-03-21 06:39:35,BUY,Down,0.350480381855771,62.211226,21.80381424419567,"Bitcoin Up or Down - March 21, 2:35AM-2:40AM ET"
1774075177,2026-03-21 06:39:37,SELL,Down,0.28,73.03,20.448400000000003,"Bitcoin Up or Down - March 21, 2:35AM-2:40AM ET"
1774075203,2026-03-21 06:40:03,,,0.0,1000.0,0.0,"Bitcoin Up or Down - March 21, 2:30AM-2:35AM ET"
1774075213,2026-03-21 06:40:13,BUY,Up,0.419999996886143,132.879961,55.809583206230805,"Bitcoin Up or Down - March 21, 2:40AM-2:45AM ET"
1774075235,2026-03-21 06:40:35,SELL,Down,0.45,84.39,37.975500000000004,"Bitcoin Up or Down - March 21, 2:40AM-2:45AM ET"
1774075241,2026-03-21 06:40:41,SELL,Up,0.45,5.0,2.25,"Bitcoin Up or Down - March 21, 2:40AM-2:45AM ET"
1774075241,2026-03-21 06:40:41,BUY,Down,0.5036312833229987,42.628919,21.469257182642163,"Bitcoin Up or Down - March 21, 2:40AM-2:45AM ET"
1774075269,2026-03-21 06:41:09,BUY,Up,0.42382181687991105,15.944745,6.757730795586877,"Bitcoin Up or Down - March 21, 2:40AM-2:45AM ET"
1774075269,2026-03-21 06:41:09,SELL,Up,0.31,45.61,14.1391,"Bitcoin Up or Down - March 21, 2:40AM-2:45AM ET"
1774075271,2026-03-21 06:41:11,SELL,Up,0.42,10.79,4.5318,"Bitcoin Up or Down - March 21, 2:40AM-2:45AM ET"
1774075275,2026-03-21 06:41:15,BUY,Up,0.4699999947244896,41.055216,19.29595130341278,"Bitcoin Up or Down - March 21, 2:40AM-2:45AM ET"
1774075275,2026-03-21 06:41:15,SELL,Up,0.3388967971530249,11.24,3.8092,"Bitcoin Up or Down - March 21, 2:40AM-2:45AM ET"
1774075283,2026-03-21 06:41:23,SELL,Up,0.3801776198934281,33.78,12.842400000000001,"Bitcoin Up or Down - March 21, 2:40AM-2:45AM ET"
1774075293,2026-03-21 06:41:33,SELL,Up,0.33550275137568786,39.98,13.4134,"Bitcoin Up or Down - March 21, 2:40AM-2:45AM ET"
1774075295,2026-03-21 06:41:35,BUY,Up,0.3834194838888559,37.340630000000004,14.317125082684731,"Bitcoin Up or Down - March 21, 2:40AM-2:45AM ET"
1774075297,2026-03-21 06:41:37,BUY,Up,0.4871361678264097,34.373495999999996,16.74457311623642,"Bitcoin Up or Down - March 21, 2:40AM-2:45AM ET"
1774075299,2026-03-21 06:41:39,BUY,Up,0.5,56.306250000000006,28.153125000000003,"Bitcoin Up or Down - March 21, 2:40AM-2:45AM ET"
1774075301,2026-03-21 06:41:41,SELL,Down,0.4058426145700201,54.77,22.228,"Bitcoin Up or Down - March 21, 2:40AM-2:45AM ET"
1774075317,2026-03-21 06:41:57,SELL,Down,0.4047352854185152,33.81,13.6841,"Bitcoin Up or Down - March 21, 2:40AM-2:45AM ET"
1774075325,2026-03-21 06:42:05,SELL,Down,0.36,52.74,18.9864,"Bitcoin Up or Down - March 21, 2:40AM-2:45AM ET"
1774075343,2026-03-21 06:42:23,SELL,Down,0.36,45.64,16.4304,"Bitcoin Up or Down - March 21, 2:40AM-2:45AM ET"
1774075351,2026-03-21 06:42:31,BUY,Down,0.4199999797368386,10.696081,4.492353803263584,"Bitcoin Up or Down - March 21, 2:40AM-2:45AM ET"
1774075355,2026-03-21 06:42:35,BUY,Down,0.524561429689244,32.654775,17.129435460180584,"Bitcoin Up or Down - March 21, 2:40AM-2:45AM ET"
1774075415,2026-03-21 06:43:35,,,0.5,1000.0,500.0,"Bitcoin Up or Down - March 21, 2:45AM-2:50AM ET"
1774075503,2026-03-21 06:45:03,,,0.0,1115.895721,0.0,"Bitcoin Up or Down - March 21, 2:35AM-2:40AM ET"
1774075533,2026-03-21 06:45:33,SELL,Up,0.23,16.76,3.8548000000000004,"Bitcoin Up or Down - March 21, 2:45AM-2:50AM ET"
1774075553,2026-03-21 06:45:53,SELL,Up,0.18514913319694196,92.87,17.1948,"Bitcoin Up or Down - March 21, 2:45AM-2:50AM ET"
1774075561,2026-03-21 06:46:01,SELL,Up,0.22599623047926765,37.14,8.393500000000001,"Bitcoin Up or Down - March 21, 2:45AM-2:50AM ET"
1774075563,2026-03-21 06:46:03,SELL,Up,0.15526315789473685,28.5,4.425000000000001,"Bitcoin Up or Down - March 21, 2:45AM-2:50AM ET"
1774075617,2026-03-21 06:46:57,BUY,Up,0.28833561764198057,92.861064,26.775152243331487,"Bitcoin Up or Down - March 21, 2:45AM-2:50AM ET"
1774075621,2026-03-21 06:47:01,BUY,Up,0.3799999860451963,18.373037,6.981753803607876,"Bitcoin Up or Down - March 21, 2:45AM-2:50AM ET"
1774075641,2026-03-21 06:47:21,BUY,Up,0.4,22.619519999999998,9.047808,"Bitcoin Up or Down - March 21, 2:45AM-2:50AM ET"
1774075649,2026-03-21 06:47:29,BUY,Up,0.5312203680940529,46.535697000000006,24.720710089853316,"Bitcoin Up or Down - March 21, 2:45AM-2:50AM ET"
1774075651,2026-03-21 06:47:31,SELL,Down,0.37918130006161427,129.84,49.2329,"Bitcoin Up or Down - March 21, 2:45AM-2:50AM ET"
1774075669,2026-03-21 06:47:49,SELL,Up,0.40083052749719417,62.37,24.9998,"Bitcoin Up or Down - March 21, 2:45AM-2:50AM ET"
1774075671,2026-03-21 06:47:51,SELL,Up,0.3225788522995693,71.97,23.216,"Bitcoin Up or Down - March 21, 2:45AM-2:50AM ET"
1774075687,2026-03-21 06:48:07,SELL,Up,0.27923455776728917,48.73,13.6071,"Bitcoin Up or Down - March 21, 2:45AM-2:50AM ET"
1774075715,2026-03-21 06:48:35,,,0.5,1000.0,500.0,"Bitcoin Up or Down - March 21, 2:50AM-2:55AM ET"
1774075771,2026-03-21 06:49:31,BUY,Down,0.40999998257417736,29.969703,12.28757770775327,"Bitcoin Up or Down - March 21, 2:45AM-2:50AM ET"
1774075803,2026-03-21 06:50:03,,,0.0,1171.500298,0.0,"Bitcoin Up or Down - March 21, 2:40AM-2:45AM ET"
1774075821,2026-03-21 06:50:21,BUY,Up,0.40999999148890437,33.574719,13.765634504242357,"Bitcoin Up or Down - March 21, 2:50AM-2:55AM ET"
1774075821,2026-03-21 06:50:21,SELL,Up,0.4,29.51,11.804000000000002,"Bitcoin Up or Down - March 21, 2:50AM-2:55AM ET"
1774075945,2026-03-21 06:52:25,SELL,Up,0.25,18.11,4.5275,"Bitcoin Up or Down - March 21, 2:50AM-2:55AM ET"
1774076015,2026-03-21 06:53:35,,,0.5,1000.0,500.0,"Bitcoin Up or Down - March 21, 2:55AM-3:00AM ET"
1774076027,2026-03-21 06:53:47,BUY,Up,0.31657387580299784,14.42297,4.565935513490364,"Bitcoin Up or Down - March 21, 2:50AM-2:55AM ET"
1774076039,2026-03-21 06:53:59,SELL,Up,0.15,157.88,23.682,"Bitcoin Up or Down - March 21, 2:50AM-2:55AM ET"
1774076103,2026-03-21 06:55:03,,,0.0,900.129703,0.0,"Bitcoin Up or Down - March 21, 2:45AM-2:50AM ET"
1774076315,2026-03-21 06:58:35,,,0.5,1000.0,500.0,"Bitcoin Up or Down - March 21, 3:00AM-3:05AM ET"
1774076329,2026-03-21 06:58:49,SELL,Down,0.29806436210847975,104.72,31.2133,"Bitcoin Up or Down - March 21, 2:55AM-3:00AM ET"
1774076403,2026-03-21 07:00:03,,,0.0,1000.0,0.0,"Bitcoin Up or Down - March 21, 2:50AM-2:55AM ET"
1774076413,2026-03-21 07:00:13,SELL,Up,0.3384126826359209,100.61,34.0477,"Bitcoin Up or Down - March 21, 3:00AM-3:05AM ET"
1774076467,2026-03-21 07:01:07,BUY,Up,0.46885269342847136,163.973239,76.87929475534047,"Bitcoin Up or Down - March 21, 3:00AM-3:05AM ET"
1774076513,2026-03-21 07:01:53,SELL,Down,0.44,56.54,24.8776,"Bitcoin Up or Down - March 21, 3:00AM-3:05AM ET"
1774076569,2026-03-21 07:02:49,SELL,Up,0.3084127874369041,17.83,5.499,"Bitcoin Up or Down - March 21, 3:00AM-3:05AM ET"
1774076585,2026-03-21 07:03:05,SELL,Up,0.24682220189082038,32.79,8.0933,"Bitcoin Up or Down - March 21, 3:00AM-3:05AM ET"
1774076615,2026-03-21 07:03:35,,,0.5,1000.0,500.0,"Bitcoin Up or Down - March 21, 3:05AM-3:10AM ET"
1774076703,2026-03-21 07:05:03,,,0.0,1000.0,0.0,"Bitcoin Up or Down - March 21, 2:55AM-3:00AM ET"
1774076717,2026-03-21 07:05:17,SELL,Up,0.3347894148341409,26.83,8.982399999999998,"Bitcoin Up or Down - March 21, 3:05AM-3:10AM ET"
1774076717,2026-03-21 07:05:17,SELL,Up,0.3,11.9,3.57,"Bitcoin Up or Down - March 21, 3:05AM-3:10AM ET"
1774076737,2026-03-21 07:05:37,SELL,Up,0.3,87.19,26.157,"Bitcoin Up or Down - March 21, 3:05AM-3:10AM ET"
1774076739,2026-03-21 07:05:39,SELL,Up,0.26,21.79,5.6654,"Bitcoin Up or Down - March 21, 3:05AM-3:10AM ET"
1774076747,2026-03-21 07:05:47,SELL,Up,0.25,24.14,6.035,"Bitcoin Up or Down - March 21, 3:05AM-3:10AM ET"
1774076915,2026-03-21 07:08:35,,,0.5,1000.0,500.0,"Bitcoin Up or Down - March 21, 3:10AM-3:15AM ET"
1774077003,2026-03-21 07:10:03,,,0.0,1012.743239,0.0,"Bitcoin Up or Down - March 21, 3:00AM-3:05AM ET"
1774077075,2026-03-21 07:11:15,SELL,Down,0.39795454545454545,104.72,41.6738,"Bitcoin Up or Down - March 21, 3:10AM-3:15AM ET"
1774077095,2026-03-21 07:11:35,BUY,Down,0.44564339945330633,29.588003,13.185698239954627,"Bitcoin Up or Down - March 21, 3:10AM-3:15AM ET"
1774077099,2026-03-21 07:11:39,BUY,Down,0.4599999938729506,41.780201,19.218892204010643,"Bitcoin Up or Down - March 21, 3:10AM-3:15AM ET"
1774077215,2026-03-21 07:13:35,,,0.5,1000.0,500.0,"Bitcoin Up or Down - March 21, 3:15AM-3:20AM ET"
1774077303,2026-03-21 07:15:03,,,0.0,1000.0,0.0,"Bitcoin Up or Down - March 21, 3:05AM-3:10AM ET"
1774077473,2026-03-21 07:17:53,SELL,Down,0.25,47.05,11.7625,"Bitcoin Up or Down - March 21, 3:15AM-3:20AM ET"
1774077515,2026-03-21 07:18:35,,,0.5,1000.0,500.0,"Bitcoin Up or Down - March 21, 3:20AM-3:25AM ET"
1774077603,2026-03-21 07:20:03,,,0.0,966.648204,0.0,"Bitcoin Up or Down - March 21, 3:10AM-3:15AM ET"
1774077623,2026-03-21 07:20:23,BUY,Down,0.5099999254615207,5.018448,2.5594081059325178,"Bitcoin Up or Down - March 21, 3:20AM-3:25AM ET"
1774077629,2026-03-21 07:20:29,BUY,Up,0.5199999707728286,8.083647,4.2034962037378625,"Bitcoin Up or Down - March 21, 3:20AM-3:25AM ET"
1774077643,2026-03-21 07:20:43,SELL,Up,0.35,5.16,1.8059999999999998,"Bitcoin Up or Down - March 21, 3:20AM-3:25AM ET"
1774077645,2026-03-21 07:20:45,SELL,Up,0.31,39.74,12.3194,"Bitcoin Up or Down - March 21, 3:20AM-3:25AM ET"
1774077647,2026-03-21 07:20:47,SELL,Up,0.23,29.06,6.6838,"Bitcoin Up or Down - March 21, 3:20AM-3:25AM ET"
1774077661,2026-03-21 07:21:01,BUY,Up,0.2699999648120258,14.634255999999999,3.951248605050177,"Bitcoin Up or Down - March 21, 3:20AM-3:25AM ET"
1774077665,2026-03-21 07:21:05,BUY,Up,0.3,19.28502,5.785506,"Bitcoin Up or Down - March 21, 3:20AM-3:25AM ET"
1774077707,2026-03-21 07:21:47,BUY,Up,0.3799999757222204,18.684447,7.100089406383113,"Bitcoin Up or Down - March 21, 3:20AM-3:25AM ET"
1774077723,2026-03-21 07:22:03,SELL,Up,0.25,93.56,23.39,"Bitcoin Up or Down - March 21, 3:20AM-3:25AM ET"
1774077725,2026-03-21 07:22:05,SELL,Up,0.25,40.48,10.12,"Bitcoin Up or Down - March 21, 3:20AM-3:25AM ET"
1774077729,2026-03-21 07:22:09,SELL,Up,0.25769982748706155,34.78,8.962800000000001,"Bitcoin Up or Down - March 21, 3:20AM-3:25AM ET"
1774077731,2026-03-21 07:22:11,BUY,Up,0.2947933733815991,39.897552,11.761533943747766,"Bitcoin Up or Down - March 21, 3:20AM-3:25AM ET"
1774077741,2026-03-21 07:22:21,BUY,Up,0.3411253550724998,11.114696,3.791504619522893,"Bitcoin Up or Down - March 21, 3:20AM-3:25AM ET"
1774077815,2026-03-21 07:23:35,,,0.5,1000.0,500.0,"Bitcoin Up or Down - March 21, 3:25AM-3:30AM ET"
1774077909,2026-03-21 07:25:09,,,0.0,1000.0,0.0,"Bitcoin Up or Down - March 21, 3:15AM-3:20AM ET"
1774077911,2026-03-21 07:25:11,BUY,Up,0.4,51.52224,20.608896,"Bitcoin Up or Down - March 21, 3:25AM-3:30AM ET"
1774077913,2026-03-21 07:25:13,BUY,Up,0.4,59.08672,23.634688,"Bitcoin Up or Down - March 21, 3:25AM-3:30AM ET"
1774077929,2026-03-21 07:25:29,BUY,Up,0.48,10.70563,5.1387024,"Bitcoin Up or Down - March 21, 3:25AM-3:30AM ET"
1774077935,2026-03-21 07:25:35,BUY,Up,0.5699999854261326,6.082697,3.4671372013515804,"Bitcoin Up or Down - March 21, 3:25AM-3:30AM ET"
1774077935,2026-03-21 07:25:35,SELL,Down,0.39,26.85,10.4715,"Bitcoin Up or Down - March 21, 3:25AM-3:30AM ET"
1774077941,2026-03-21 07:25:41,SELL,Down,0.28,20.16,5.644800000000001,"Bitcoin Up or Down - March 21, 3:25AM-3:30AM ET"
1774077947,2026-03-21 07:25:47,BUY,Down,0.3403151296828072,36.703067000000004,12.490609005861762,"Bitcoin Up or Down - March 21, 3:25AM-3:30AM ET"
1774077949,2026-03-21 07:25:49,BUY,Down,0.3799999851787639,23.952412,9.101916204995646,"Bitcoin Up or Down - March 21, 3:25AM-3:30AM ET"
1774077963,2026-03-21 07:26:03,BUY,Down,0.43093037828821895,93.52971199999999,40.304794173348164,"Bitcoin Up or Down - March 21, 3:25AM-3:30AM ET"
1774077975,2026-03-21 07:26:15,SELL,Down,0.35,37.23,13.030499999999998,"Bitcoin Up or Down - March 21, 3:25AM-3:30AM ET"
1774078001,2026-03-21 07:26:41,SELL,Down,0.1711874105865522,34.95,5.9830000000000005,"Bitcoin Up or Down - March 21, 3:25AM-3:30AM ET"
1774078005,2026-03-21 07:26:45,SELL,Up,0.78,5.0,3.9000000000000004,"Bitcoin Up or Down - March 21, 3:25AM-3:30AM ET"
1774078037,2026-03-21 07:27:17,BUY,Down,0.27999997572755253,22.837007,6.394361405689947,"Bitcoin Up or Down - March 21, 3:25AM-3:30AM ET"
1774078041,2026-03-21 07:27:21,BUY,Down,0.2799999906873612,63.773939999999996,17.85670260609633,"Bitcoin Up or Down - March 21, 3:25AM-3:30AM ET"
1774078043,2026-03-21 07:27:23,BUY,Down,0.3399999841979006,38.741372999999996,13.172066207804972,"Bitcoin Up or Down - March 21, 3:25AM-3:30AM ET"
1774078047,2026-03-21 07:27:27,SELL,Down,0.22,23.27,5.1194,"Bitcoin Up or Down - March 21, 3:25AM-3:30AM ET"
1774078115,2026-03-21 07:28:35,,,0.5,1000.0,500.0,"Bitcoin Up or Down - March 21, 3:30AM-3:35AM ET"
1774078203,2026-03-21 07:30:03,,,0.0,868.919618,0.0,"Bitcoin Up or Down - March 21, 3:20AM-3:25AM ET"
1774078231,2026-03-21 07:30:31,SELL,Up,0.35,45.61,15.963499999999998,"Bitcoin Up or Down - March 21, 3:30AM-3:35AM ET"
1774078237,2026-03-21 07:30:37,SELL,Up,0.3,5.0,1.5,"Bitcoin Up or Down - March 21, 3:30AM-3:35AM ET"
1774078241,2026-03-21 07:30:41,SELL,Up,0.2975166752180605,19.49,5.7985999999999995,"Bitcoin Up or Down - March 21, 3:30AM-3:35AM ET"
1774078269,2026-03-21 07:31:09,SELL,Up,0.27,37.42,10.1034,"Bitcoin Up or Down - March 21, 3:30AM-3:35AM ET"
1774078273,2026-03-21 07:31:13,SELL,Up,0.26,12.49,3.2474000000000003,"Bitcoin Up or Down - March 21, 3:30AM-3:35AM ET"
1774078291,2026-03-21 07:31:31,BUY,Up,0.2699999705357117,18.485374999999998,4.99105070534158,"Bitcoin Up or Down - March 21, 3:30AM-3:35AM ET"
1774078325,2026-03-21 07:32:05,SELL,Up,0.23,21.11,4.8553,"Bitcoin Up or Down - March 21, 3:30AM-3:35AM ET"
1774078415,2026-03-21 07:33:35,,,0.5,1000.0,500.0,"Bitcoin Up or Down - March 21, 3:35AM-3:40AM ET"
1774078503,2026-03-21 07:35:03,,,0.0,1122.397287,0.0,"Bitcoin Up or Down - March 21, 3:25AM-3:30AM ET"
1774078515,2026-03-21 07:35:15,SELL,Up,0.35,9.74,3.409,"Bitcoin Up or Down - March 21, 3:35AM-3:40AM ET"
1774078533,2026-03-21 07:35:33,SELL,Up,0.35,25.33,8.865499999999999,"Bitcoin Up or Down - March 21, 3:35AM-3:40AM ET"
1774078541,2026-03-21 07:35:41,BUY,Up,0.48,28.79444,13.8213312,"Bitcoin Up or Down - March 21, 3:35AM-3:40AM ET"
1774078555,2026-03-21 07:35:55,SELL,Up,0.37,35.08,12.9796,"Bitcoin Up or Down - March 21, 3:35AM-3:40AM ET"
1774078581,2026-03-21 07:36:21,SELL,Up,0.3,87.84,26.352,"Bitcoin Up or Down - March 21, 3:35AM-3:40AM ET"
1774078649,2026-03-21 07:37:29,BUY,Up,0.44793695884114243,76.369884,34.208893586010824,"Bitcoin Up or Down - March 21, 3:35AM-3:40AM ET"
1774078659,2026-03-21 07:37:39,BUY,Up,0.46999999187654296,42.416745,19.935869805429395,"Bitcoin Up or Down - March 21, 3:35AM-3:40AM ET"
1774078685,2026-03-21 07:38:05,SELL,Up,0.43,76.01,32.6843,"Bitcoin Up or Down - March 21, 3:35AM-3:40AM ET"
1774078691,2026-03-21 07:38:11,SELL,Up,0.22314808967477107,31.67,7.0671,"Bitcoin Up or Down - March 21, 3:35AM-3:40AM ET"
1774078699,2026-03-21 07:38:19,SELL,Up,0.17542925851703406,124.75,21.8848,"Bitcoin Up or Down - March 21, 3:35AM-3:40AM ET"
1774078715,2026-03-21 07:38:35,,,0.5,1000.0,500.0,"Bitcoin Up or Down - March 21, 3:40AM-3:45AM ET"
1774078803,2026-03-21 07:40:03,,,0.0,1000.0,0.0,"Bitcoin Up or Down - March 21, 3:30AM-3:35AM ET"
1774078831,2026-03-21 07:40:31,SELL,Down,0.40090998710851594,131.87,52.868,"Bitcoin Up or Down - March 21, 3:40AM-3:45AM ET"
1774078859,2026-03-21 07:40:59,SELL,Down,0.4,112.52,45.008,"Bitcoin Up or Down - March 21, 3:40AM-3:45AM ET"
1774078871,2026-03-21 07:41:11,SELL,Down,0.32403217697335346,59.67,19.335,"Bitcoin Up or Down - March 21, 3:40AM-3:45AM ET"
1774078889,2026-03-21 07:41:29,BUY,Down,0.44999997187499674,12.253873,5.514242505359782,"Bitcoin Up or Down - March 21, 3:40AM-3:45AM ET"
1774079015,2026-03-21 07:43:35,,,0.5,1000.0,500.0,"Bitcoin Up or Down - March 21, 3:45AM-3:50AM ET"
1774079103,2026-03-21 07:45:03,,,0.0,1000.0,0.0,"Bitcoin Up or Down - March 21, 3:35AM-3:40AM ET"
1774079115,2026-03-21 07:45:15,BUY,Down,0.44215371757707983,13.831277,6.11555054438836,"Bitcoin Up or Down - March 21, 3:45AM-3:50AM ET"
1774079173,2026-03-21 07:46:13,BUY,Down,0.5,23.54625,11.773125,"Bitcoin Up or Down - March 21, 3:45AM-3:50AM ET"
1774079193,2026-03-21 07:46:33,SELL,Up,0.35,30.4,10.639999999999999,"Bitcoin Up or Down - March 21, 3:45AM-3:50AM ET"
1774079197,2026-03-21 07:46:37,SELL,Up,0.25,31.48,7.87,"Bitcoin Up or Down - March 21, 3:45AM-3:50AM ET"
1774079199,2026-03-21 07:46:39,SELL,Up,0.23106883283454469,46.78,10.8094,"Bitcoin Up or Down - March 21, 3:45AM-3:50AM ET"
1774079205,2026-03-21 07:46:45,SELL,Up,0.16052334530528475,19.49,3.1285999999999996,"Bitcoin Up or Down - March 21, 3:45AM-3:50AM ET"
1774079215,2026-03-21 07:46:55,BUY,Up,0.15,28.88215,4.3323225,"Bitcoin Up or Down - March 21, 3:45AM-3:50AM ET"
1774079223,2026-03-21 07:47:03,BUY,Up,0.24163505440338004,34.92275,8.43856059616564,"Bitcoin Up or Down - March 21, 3:45AM-3:50AM ET"
1774079225,2026-03-21 07:47:05,BUY,Up,0.22999996844074622,20.749062000000002,4.772283605175087,"Bitcoin Up or Down - March 21, 3:45AM-3:50AM ET"
1774079229,2026-03-21 07:47:09,SELL,Up,0.2,9.68,1.936,"Bitcoin Up or Down - March 21, 3:45AM-3:50AM ET"
1774079249,2026-03-21 07:47:29,BUY,Up,0.235714243731775,16.200812,3.8187621484206646,"Bitcoin Up or Down - March 21, 3:45AM-3:50AM ET"
1774079263,2026-03-21 07:47:43,SELL,Up,0.2513541848680762,57.23,14.385,"Bitcoin Up or Down - March 21, 3:45AM-3:50AM ET"
1774079281,2026-03-21 07:48:01,SELL,Down,0.73,5.0,3.65,"Bitcoin Up or Down - March 21, 3:45AM-3:50AM ET"
1774079283,2026-03-21 07:48:03,BUY,Up,0.34999998577235686,27.750514000000003,9.71267950517559,"Bitcoin Up or Down - March 21, 3:45AM-3:50AM ET"
1774079287,2026-03-21 07:48:07,BUY,Up,0.4820325841206494,42.947834,20.70225540540469,"Bitcoin Up or Down - March 21, 3:45AM-3:50AM ET"
1774079301,2026-03-21 07:48:21,SELL,Down,0.3275448590145258,35.11,11.5001,"Bitcoin Up or Down - March 21, 3:45AM-3:50AM ET"
1774079315,2026-03-21 07:48:35,,,0.5,1000.0,500.0,"Bitcoin Up or Down - March 21, 3:50AM-3:55AM ET"
1774079367,2026-03-21 07:49:27,SELL,Down,0.33,5.0,1.6500000000000001,"Bitcoin Up or Down - March 21, 3:45AM-3:50AM ET"
1774079389,2026-03-21 07:49:49,SELL,Down,0.28,7.03,1.9684000000000001,"Bitcoin Up or Down - March 21, 3:45AM-3:50AM ET"
1774079403,2026-03-21 07:50:03,,,0.0,708.193873,0.0,"Bitcoin Up or Down - March 21, 3:40AM-3:45AM ET"
1774079409,2026-03-21 07:50:09,BUY,Down,0.6299999723943631,10.005086,6.3032039038032295,"Bitcoin Up or Down - March 21, 3:50AM-3:55AM ET"
1774079479,2026-03-21 07:51:19,SELL,Up,0.26,13.17,3.4242,"Bitcoin Up or Down - March 21, 3:50AM-3:55AM ET"
1774079487,2026-03-21 07:51:27,SELL,Up,0.26,97.46,25.3396,"Bitcoin Up or Down - March 21, 3:50AM-3:55AM ET"
1774079501,2026-03-21 07:51:41,BUY,Up,0.26999997444794793,23.25343,6.278425505827147,"Bitcoin Up or Down - March 21, 3:50AM-3:55AM ET"
1774079533,2026-03-21 07:52:13,BUY,Up,0.2699999607172108,17.898543,4.832605906895308,"Bitcoin Up or Down - March 21, 3:50AM-3:55AM ET"
1774079581,2026-03-21 07:53:01,SELL,Up,0.1,45.21,4.521,"Bitcoin Up or Down - March 21, 3:50AM-3:55AM ET"
1774079615,2026-03-21 07:53:35,,,0.5,1000.0,500.0,"Bitcoin Up or Down - March 21, 3:55AM-4:00AM ET"
1774079733,2026-03-21 07:55:33,SELL,Up,0.36,38.0,13.68,"Bitcoin Up or Down - March 21, 3:55AM-4:00AM ET"
1774079745,2026-03-21 07:55:45,SELL,Up,0.3,51.97,15.591,"Bitcoin Up or Down - March 21, 3:55AM-4:00AM ET"
1774079747,2026-03-21 07:55:47,SELL,Up,0.3,8.99,2.697,"Bitcoin Up or Down - March 21, 3:55AM-4:00AM ET"
1774079751,2026-03-21 07:55:51,SELL,Up,0.28,38.98,10.9144,"Bitcoin Up or Down - March 21, 3:55AM-4:00AM ET"
1774079753,2026-03-21 07:55:53,SELL,Up,0.26,13.72,3.5672,"Bitcoin Up or Down - March 21, 3:55AM-4:00AM ET"
1774079765,2026-03-21 07:56:05,BUY,Up,0.3460157269758891,57.260611,19.81307194224859,"Bitcoin Up or Down - March 21, 3:55AM-4:00AM ET"
1774079789,2026-03-21 07:56:29,BUY,Up,0.3699999893027205,31.352041999999997,11.600255204618442,"Bitcoin Up or Down - March 21, 3:55AM-4:00AM ET"
1774079841,2026-03-21 07:57:21,BUY,Up,0.4487302431706656,38.775375999999994,17.39968390151399,"Bitcoin Up or Down - March 21, 3:55AM-4:00AM ET"
1774079915,2026-03-21 07:58:35,,,0.5,1000.0,500.0,"Bitcoin Up or Down - March 21, 4:00AM-4:05AM ET"
1774079925,2026-03-21 07:58:45,BUY,Up,0.5,8.68219,4.341095,"Bitcoin Up or Down - March 21, 3:55AM-4:00AM ET"
1774079933,2026-03-21 07:58:53,BUY,Down,0.589999997405038,41.769719,24.644134101609165,"Bitcoin Up or Down - March 21, 3:55AM-4:00AM ET"
1774079935,2026-03-21 07:58:55,SELL,Up,0.3,5.0,1.5,"Bitcoin Up or Down - March 21, 3:55AM-4:00AM ET"
1774079975,2026-03-21 07:59:35,SELL,Up,0.42,162.17,68.11139999999999,"Bitcoin Up or Down - March 21, 3:55AM-4:00AM ET"
1774079981,2026-03-21 07:59:41,SELL,Up,0.55,5.0,2.75,"Bitcoin Up or Down - March 21, 3:55AM-4:00AM ET"
1774080005,2026-03-21 08:00:05,,,0.0,1010.005086,0.0,"Bitcoin Up or Down - March 21, 3:50AM-3:55AM ET"
1774080011,2026-03-21 08:00:11,SELL,Up,0.3879091928251121,17.84,6.9203,"Bitcoin Up or Down - March 21, 4:00AM-4:05AM ET"
1774080015,2026-03-21 08:00:15,,,0.0,976.393122,0.0,"Bitcoin Up or Down - March 21, 3:45AM-3:50AM ET"
1774080127,2026-03-21 08:02:07,BUY,Up,0.48,16.36607,7.8557136,"Bitcoin Up or Down - March 21, 4:00AM-4:05AM ET"
1774080127,2026-03-21 08:02:07,BUY,Up,0.4,24.68928,9.875712,"Bitcoin Up or Down - March 21, 4:00AM-4:05AM ET"
1774080137,2026-03-21 08:02:17,SELL,Up,0.36,6.75,2.4299999999999997,"Bitcoin Up or Down - March 21, 4:00AM-4:05AM ET"
1774080193,2026-03-21 08:03:13,BUY,Up,0.5583714167012879,11.85205,6.617845949314499,"Bitcoin Up or Down - March 21, 4:00AM-4:05AM ET"
1774080215,2026-03-21 08:03:35,,,0.5,1000.0,500.0,"Bitcoin Up or Down - March 21, 4:05AM-4:10AM ET"
1774080227,2026-03-21 08:03:47,BUY,Down,0.6,34.59456,20.756736,"Bitcoin Up or Down - March 21, 4:00AM-4:05AM ET"
1774080311,2026-03-21 08:05:11,,,0.0,812.240219,0.0,"Bitcoin Up or Down - March 21, 3:55AM-4:00AM ET"
1774080345,2026-03-21 08:05:45,SELL,Down,0.37,40.33,14.922099999999999,"Bitcoin Up or Down - March 21, 4:05AM-4:10AM ET"
1774080353,2026-03-21 08:05:53,SELL,Down,0.30653581661891116,34.9,10.698099999999998,"Bitcoin Up or Down - March 21, 4:05AM-4:10AM ET"
1774080357,2026-03-21 08:05:57,SELL,Down,0.26,5.0,1.3,"Bitcoin Up or Down - March 21, 4:05AM-4:10AM ET"
1774080411,2026-03-21 08:06:51,SELL,Down,0.28,124.11,34.750800000000005,"Bitcoin Up or Down - March 21, 4:05AM-4:10AM ET"
1774080415,2026-03-21 08:06:55,SELL,Down,0.15,15.6,2.34,"Bitcoin Up or Down - March 21, 4:05AM-4:10AM ET"
1774080419,2026-03-21 08:06:59,BUY,Down,0.33,4.9389,1.6298370000000002,"Bitcoin Up or Down - March 21, 4:05AM-4:10AM ET"
1774080431,2026-03-21 08:07:11,BUY,Down,0.298888281392382,43.4141,12.97596573719701,"Bitcoin Up or Down - March 21, 4:05AM-4:10AM ET"
1774080441,2026-03-21 08:07:21,BUY,Down,0.4,46.0768,18.43072,"Bitcoin Up or Down - March 21, 4:05AM-4:10AM ET"
1774080513,2026-03-21 08:08:33,SELL,Up,0.35,20.27,7.094499999999999,"Bitcoin Up or Down - March 21, 4:05AM-4:10AM ET"
1774080515,2026-03-21 08:08:35,,,0.5,1000.0,500.0,"Bitcoin Up or Down - March 21, 4:10AM-4:15AM ET"
1774080537,2026-03-21 08:08:57,BUY,Up,0.458353267289964,35.336336,16.19652505965598,"Bitcoin Up or Down - March 21, 4:05AM-4:10AM ET"
1774080547,2026-03-21 08:09:07,SELL,Up,0.29206405693950177,11.24,3.2828,"Bitcoin Up or Down - March 21, 4:05AM-4:10AM ET"
1774080549,2026-03-21 08:09:09,BUY,Up,0.27999996606060334,17.49895,4.899705406096195,"Bitcoin Up or Down - March 21, 4:05AM-4:10AM ET"
1774080557,2026-03-21 08:09:17,BUY,Up,0.5299999610734272,3.287821,1.7425450020163964,"Bitcoin Up or Down - March 21, 4:05AM-4:10AM ET"
1774080613,2026-03-21 08:10:13,SELL,Up,0.66,5.0,3.3000000000000003,"Bitcoin Up or Down - March 21, 4:10AM-4:15AM ET"
1774080613,2026-03-21 08:10:13,SELL,Down,0.27,9.73,2.6271000000000004,"Bitcoin Up or Down - March 21, 4:10AM-4:15AM ET"
1774080621,2026-03-21 08:10:21,,,0.0,1034.59456,0.0,"Bitcoin Up or Down - March 21, 4:00AM-4:05AM ET"
1774080657,2026-03-21 08:10:57,SELL,Down,0.26,45.71,11.8846,"Bitcoin Up or Down - March 21, 4:10AM-4:15AM ET"
1774080681,2026-03-21 08:11:21,SELL,Down,0.24,73.84,17.7216,"Bitcoin Up or Down - March 21, 4:10AM-4:15AM ET"
1774080683,2026-03-21 08:11:23,SELL,Down,0.22946150929086082,26.37,6.0508999999999995,"Bitcoin Up or Down - March 21, 4:10AM-4:15AM ET"
1774080737,2026-03-21 08:12:17,BUY,Down,0.31010689722982154,29.327716000000002,9.094727011597394,"Bitcoin Up or Down - March 21, 4:10AM-4:15AM ET"
1774080745,2026-03-21 08:12:25,BUY,Down,0.4237551662041944,16.784158,7.112373662887459,"Bitcoin Up or Down - March 21, 4:10AM-4:15AM ET"
1774080749,2026-03-21 08:12:29,BUY,Down,0.4399999914230013,22.964260000000003,10.104274203035573,"Bitcoin Up or Down - March 21, 4:10AM-4:15AM ET"
1774080759,2026-03-21 08:12:39,SELL,Down,0.26,84.39,21.9414,"Bitcoin Up or Down - March 21, 4:10AM-4:15AM ET"
1774080809,2026-03-21 08:13:29,SELL,Down,0.32,26.37,8.4384,"Bitcoin Up or Down - March 21, 4:10AM-4:15AM ET"
1774080815,2026-03-21 08:13:35,,,0.5,1000.0,500.0,"Bitcoin Up or Down - March 21, 4:15AM-4:20AM ET"
1774080917,2026-03-21 08:15:17,BUY,Down,0.4,69.78048,27.912192,"Bitcoin Up or Down - March 21, 4:15AM-4:20AM ET"
1774080921,2026-03-21 08:15:21,,,0.0,874.4898,0.0,"Bitcoin Up or Down - March 21, 4:05AM-4:10AM ET"
1774080945,2026-03-21 08:15:45,BUY,Down,0.48999999092592467,13.018028,6.378833601873433,"Bitcoin Up or Down - March 21, 4:15AM-4:20AM ET"
1774080975,2026-03-21 08:16:15,SELL,Up,0.3692105263157895,38.0,14.030000000000001,"Bitcoin Up or Down - March 21, 4:15AM-4:20AM ET"
1774081025,2026-03-21 08:17:05,SELL,Up,0.288099173553719,9.68,2.7887999999999997,"Bitcoin Up or Down - March 21, 4:15AM-4:20AM ET"
1774081075,2026-03-21 08:17:55,BUY,Up,0.2599999923574366,64.81762499999999,16.852582004627187,"Bitcoin Up or Down - March 21, 4:15AM-4:20AM ET"
1774081115,2026-03-21 08:18:35,,,0.5,1000.0,500.0,"Bitcoin Up or Down - March 21, 4:20AM-4:25AM ET"
1774081121,2026-03-21 08:18:41,SELL,Up,0.13,52.79,6.8627,"Bitcoin Up or Down - March 21, 4:15AM-4:20AM ET"
1774081203,2026-03-21 08:20:03,,,0.0,802.666134,0.0,"Bitcoin Up or Down - March 21, 4:10AM-4:15AM ET"
1774081209,2026-03-21 08:20:09,SELL,Down,0.40124840039812315,70.33,28.2198,"Bitcoin Up or Down - March 21, 4:20AM-4:25AM ET"
1774081215,2026-03-21 08:20:15,BUY,Down,0.4655376320662621,81.102921,37.75646179599712,"Bitcoin Up or Down - March 21, 4:20AM-4:25AM ET"
1774081217,2026-03-21 08:20:17,BUY,Down,0.4899999801234541,11.390777,5.581480503590698,"Bitcoin Up or Down - March 21, 4:20AM-4:25AM ET"
1774081231,2026-03-21 08:20:31,SELL,Down,0.48,54.77,26.2896,"Bitcoin Up or Down - March 21, 4:20AM-4:25AM ET"
1774081237,2026-03-21 08:20:37,SELL,Up,0.42,13.72,5.7624,"Bitcoin Up or Down - March 21, 4:20AM-4:25AM ET"
1774081237,2026-03-21 08:20:37,BUY,Down,0.5599999867368416,26.730876,14.969290205464157,"Bitcoin Up or Down - March 21, 4:20AM-4:25AM ET"
1774081265,2026-03-21 08:21:05,SELL,Up,0.34,63.34,21.535600000000002,"Bitcoin Up or Down - March 21, 4:20AM-4:25AM ET"
1774081279,2026-03-21 08:21:19,SELL,Up,0.3381915051058162,67.57,22.851599999999998,"Bitcoin Up or Down - March 21, 4:20AM-4:25AM ET"
1774081325,2026-03-21 08:22:05,BUY,Up,0.4099999802884587,12.497395,5.123931703657082,"Bitcoin Up or Down - March 21, 4:20AM-4:25AM ET"
1774081339,2026-03-21 08:22:19,SELL,Up,0.32,14.61,4.6752,"Bitcoin Up or Down - March 21, 4:20AM-4:25AM ET"
1774081361,2026-03-21 08:22:41,SELL,Up,0.28,63.15,17.682000000000002,"Bitcoin Up or Down - March 21, 4:20AM-4:25AM ET"
1774081399,2026-03-21 08:23:19,SELL,Up,0.12,53.12,6.3744,"Bitcoin Up or Down - March 21, 4:20AM-4:25AM ET"
1774081409,2026-03-21 08:23:29,BUY,Up,0.17999997058064365,25.692642,4.624674804139009,"Bitcoin Up or Down - March 21, 4:20AM-4:25AM ET"
1774081415,2026-03-21 08:23:35,,,0.5,1000.0,500.0,"Bitcoin Up or Down - March 21, 4:25AM-4:30AM ET"
1774081427,2026-03-21 08:23:47,SELL,Up,0.27,8.18,2.2086,"Bitcoin Up or Down - March 21, 4:20AM-4:25AM ET"
1774081511,2026-03-21 08:25:11,,,0.0,1082.798508,0.0,"Bitcoin Up or Down - March 21, 4:15AM-4:20AM ET"
1774081525,2026-03-21 08:25:25,BUY,Down,0.5,23.03438,11.51719,"Bitcoin Up or Down - March 21, 4:25AM-4:30AM ET"
1774081541,2026-03-21 08:25:41,SELL,Up,0.3320882276168102,38.31,12.7223,"Bitcoin Up or Down - March 21, 4:25AM-4:30AM ET"
1774081543,2026-03-21 08:25:43,SELL,Up,0.3,59.02,17.706,"Bitcoin Up or Down - March 21, 4:25AM-4:30AM ET"
1774081545,2026-03-21 08:25:45,SELL,Up,0.24,45.4,10.895999999999999,"Bitcoin Up or Down - March 21, 4:25AM-4:30AM ET"
1774081549,2026-03-21 08:25:49,SELL,Up,0.24536413469068127,12.77,3.1332999999999998,"Bitcoin Up or Down - March 21, 4:25AM-4:30AM ET"
1774081559,2026-03-21 08:25:59,BUY,Up,0.27746249349548924,16.697671,4.632977431227319,"Bitcoin Up or Down - March 21, 4:25AM-4:30AM ET"
1774081561,2026-03-21 08:26:01,BUY,Up,0.31842613736167225,35.162259999999996,11.196582632706832,"Bitcoin Up or Down - March 21, 4:25AM-4:30AM ET"
1774081575,2026-03-21 08:26:15,BUY,Up,0.2699999732469498,24.060335000000002,6.49628980631265,"Bitcoin Up or Down - March 21, 4:25AM-4:30AM ET"
1774081579,2026-03-21 08:26:19,BUY,Up,0.36,12.08743,4.351474799999999,"Bitcoin Up or Down - March 21, 4:25AM-4:30AM ET"
1774081599,2026-03-21 08:26:39,BUY,Up,0.37999998266506474,21.616861,8.214406805273114,"Bitcoin Up or Down - March 21, 4:25AM-4:30AM ET"
1774081623,2026-03-21 08:27:03,SELL,Up,0.27734803109468587,78.47,21.7635,"Bitcoin Up or Down - March 21, 4:25AM-4:30AM ET"
1774081687,2026-03-21 08:28:07,SELL,Up,0.21,12.59,2.6439,"Bitcoin Up or Down - March 21, 4:25AM-4:30AM ET"
1774081715,2026-03-21 08:28:35,,,0.5,1000.0,500.0,"Bitcoin Up or Down - March 21, 4:30AM-4:35AM ET"
1774081803,2026-03-21 08:30:03,,,0.0,994.124574,0.0,"Bitcoin Up or Down - March 21, 4:20AM-4:25AM ET"
1774081813,2026-03-21 08:30:13,SELL,Down,0.46557963163596966,55.38,25.7838,"Bitcoin Up or Down - March 21, 4:30AM-4:35AM ET"
1774081821,2026-03-21 08:30:21,SELL,Up,0.43,5.0,2.15,"Bitcoin Up or Down - March 21, 4:30AM-4:35AM ET"
1774081825,2026-03-21 08:30:25,SELL,Up,0.43,33.78,14.5254,"Bitcoin Up or Down - March 21, 4:30AM-4:35AM ET"
1774081833,2026-03-21 08:30:33,BUY,Up,0.5199999788734985,20.502542,10.661321406853014,"Bitcoin Up or Down - March 21, 4:30AM-4:35AM ET"
1774081839,2026-03-21 08:30:39,BUY,Down,0.5799999950427349,43.720939,25.358144403263715,"Bitcoin Up or Down - March 21, 4:30AM-4:35AM ET"
1774081843,2026-03-21 08:30:43,BUY,Up,0.44,7.13996,3.1415824000000003,"Bitcoin Up or Down - March 21, 4:30AM-4:35AM ET"
1774081873,2026-03-21 08:31:13,BUY,Up,0.4398375375979578,126.84294399999999,55.790288150635654,"Bitcoin Up or Down - March 21, 4:30AM-4:35AM ET"
1774081881,2026-03-21 08:31:21,BUY,Up,0.5067308244514379,55.073011,27.90719226905311,"Bitcoin Up or Down - March 21, 4:30AM-4:35AM ET"
1774081883,2026-03-21 08:31:23,SELL,Down,0.45,32.77,14.746500000000001,"Bitcoin Up or Down - March 21, 4:30AM-4:35AM ET"
1774081885,2026-03-21 08:31:25,SELL,Down,0.34548082966687615,15.91,5.4966,"Bitcoin Up or Down - March 21, 4:30AM-4:35AM ET"
1774081889,2026-03-21 08:31:29,SELL,Down,0.27763500931098695,26.85,7.4545,"Bitcoin Up or Down - March 21, 4:30AM-4:35AM ET"
1774081891,2026-03-21 08:31:31,BUY,Down,0.3499998833333074,5.076316,1.7767100077630018,"Bitcoin Up or Down - March 21, 4:30AM-4:35AM ET"
1774081901,2026-03-21 08:31:41,SELL,Down,0.3,25.85,7.755,"Bitcoin Up or Down - March 21, 4:30AM-4:35AM ET"
1774081911,2026-03-21 08:31:51,SELL,Down,0.25,41.88,10.47,"Bitcoin Up or Down - March 21, 4:30AM-4:35AM ET"
1774081921,2026-03-21 08:32:01,BUY,Down,0.3299999787394942,21.371941999999997,7.0527404056217025,"Bitcoin Up or Down - March 21, 4:30AM-4:35AM ET"
1774081947,2026-03-21 08:32:27,SELL,Down,0.26,20.16,5.2416,"Bitcoin Up or Down - March 21, 4:30AM-4:35AM ET"
1774081949,2026-03-21 08:32:29,SELL,Down,0.255914585012087,12.41,3.1759,"Bitcoin Up or Down - March 21, 4:30AM-4:35AM ET"
1774081951,2026-03-21 08:32:31,SELL,Down,0.19103960396039604,32.32,6.1744,"Bitcoin Up or Down - March 21, 4:30AM-4:35AM ET"
1774081959,2026-03-21 08:32:39,SELL,Down,0.14,15.51,2.1714,"Bitcoin Up or Down - March 21, 4:30AM-4:35AM ET"
1774081963,2026-03-21 08:32:43,SELL,Down,0.11,20.16,2.2176,"Bitcoin Up or Down - March 21, 4:30AM-4:35AM ET"
1774082015,2026-03-21 08:33:35,,,0.5,1000.0,500.0,"Bitcoin Up or Down - March 21, 4:35AM-4:40AM ET"
1774082103,2026-03-21 08:35:03,,,0.0,1023.03438,0.0,"Bitcoin Up or Down - March 21, 4:25AM-4:30AM ET"
1774082111,2026-03-21 08:35:11,SELL,Down,0.45,53.78,24.201,"Bitcoin Up or Down - March 21, 4:35AM-4:40AM ET"
1774082111,2026-03-21 08:35:11,SELL,Down,0.41,46.54,19.0814,"Bitcoin Up or Down - March 21, 4:35AM-4:40AM ET"
1774082115,2026-03-21 08:35:15,BUY,Down,0.4099999535848963,7.642636,3.133480405266258,"Bitcoin Up or Down - March 21, 4:35AM-4:40AM ET"
1774082117,2026-03-21 08:35:17,SELL,Down,0.43,28.99,12.4657,"Bitcoin Up or Down - March 21, 4:35AM-4:40AM ET"
1774082133,2026-03-21 08:35:33,BUY,Down,0.45105347575662996,50.188364,22.63763602473892,"Bitcoin Up or Down - March 21, 4:35AM-4:40AM ET"
1774082149,2026-03-21 08:35:49,BUY,Down,0.42999998020070695,19.401853000000003,8.342796405857028,"Bitcoin Up or Down - March 21, 4:35AM-4:40AM ET"
1774082165,2026-03-21 08:36:05,SELL,Down,0.42,30.25,12.705,"Bitcoin Up or Down - March 21, 4:35AM-4:40AM ET"
1774082231,2026-03-21 08:37:11,BUY,Down,0.36999999181508764,47.001397,17.390516505297683,"Bitcoin Up or Down - March 21, 4:35AM-4:40AM ET"
1774082233,2026-03-21 08:37:13,BUY,Up,0.5399999970967738,13.565246,7.325232800617023,"Bitcoin Up or Down - March 21, 4:35AM-4:40AM ET"
1774082237,2026-03-21 08:37:17,SELL,Down,0.3768263205013429,44.68,16.8366,"Bitcoin Up or Down - March 21, 4:35AM-4:40AM ET"
1774082243,2026-03-21 08:37:23,SELL,Down,0.31,18.15,5.626499999999999,"Bitcoin Up or Down - March 21, 4:35AM-4:40AM ET"
1774082251,2026-03-21 08:37:31,SELL,Down,0.29,46.54,13.496599999999999,"Bitcoin Up or Down - March 21, 4:35AM-4:40AM ET"
1774082315,2026-03-21 08:38:35,,,0.5,1000.0,500.0,"Bitcoin Up or Down - March 21, 4:40AM-4:45AM ET"
1774082317,2026-03-21 08:38:37,BUY,Down,0.47434631229362856,78.30475,37.14356939757451,"Bitcoin Up or Down - March 21, 4:35AM-4:40AM ET"
1774082353,2026-03-21 08:39:13,BUY,Up,0.4699999955743879,77.858285,36.593393605429426,"Bitcoin Up or Down - March 21, 4:35AM-4:40AM ET"
1774082403,2026-03-21 08:40:03,,,0.0,1170.778457,0.0,"Bitcoin Up or Down - March 21, 4:30AM-4:35AM ET"
1774082415,2026-03-21 08:40:15,BUY,Down,0.3699999645744652,15.036182,5.5633868073352115,"Bitcoin Up or Down - March 21, 4:40AM-4:45AM ET"
1774082577,2026-03-21 08:42:57,SELL,Down,0.32455166135639507,21.97,7.130399999999999,"Bitcoin Up or Down - March 21, 4:40AM-4:45AM ET"
1774082615,2026-03-21 08:43:35,,,0.5,1000.0,500.0,"Bitcoin Up or Down - March 21, 4:45AM-4:50AM ET"
1774082711,2026-03-21 08:45:11,SELL,Down,0.27,26.21,7.076700000000001,"Bitcoin Up or Down - March 21, 4:45AM-4:50AM ET"
1774082717,2026-03-21 08:45:17,,,0.0,933.609,0.0,"Bitcoin Up or Down - March 21, 4:35AM-4:40AM ET"
1774082745,2026-03-21 08:45:45,BUY,Down,0.2999999953999488,128.995312,38.69859300661496,"Bitcoin Up or Down - March 21, 4:45AM-4:50AM ET"
1774082747,2026-03-21 08:45:47,BUY,Down,0.4399999854344812,16.227180999999998,7.139959403642689,"Bitcoin Up or Down - March 21, 4:45AM-4:50AM ET"
1774082767,2026-03-21 08:46:07,SELL,Down,0.4,13.96,5.5840000000000005,"Bitcoin Up or Down - March 21, 4:45AM-4:50AM ET"
1774082785,2026-03-21 08:46:25,BUY,Down,0.48999999218085066,30.214676,14.805191003746936,"Bitcoin Up or Down - March 21, 4:45AM-4:50AM ET"
1774082791,2026-03-21 08:46:31,SELL,Up,0.46,62.1,28.566000000000003,"Bitcoin Up or Down - March 21, 4:45AM-4:50AM ET"
1774082827,2026-03-21 08:47:07,SELL,Up,0.3608961705487564,25.33,9.141499999999999,"Bitcoin Up or Down - March 21, 4:45AM-4:50AM ET"
1774082831,2026-03-21 08:47:11,SELL,Up,0.3,25.98,7.794,"Bitcoin Up or Down - March 21, 4:45AM-4:50AM ET"
1774082839,2026-03-21 08:47:19,BUY,Up,0.3699427477792298,55.141289,20.399119968748618,"Bitcoin Up or Down - March 21, 4:45AM-4:50AM ET"
1774082915,2026-03-21 08:48:35,,,0.5,1000.0,500.0,"Bitcoin Up or Down - March 21, 4:50AM-4:55AM ET"
1774082973,2026-03-21 08:49:33,BUY,Up,0.1387152341387588,123.265225,17.098764547041785,"Bitcoin Up or Down - March 21, 4:45AM-4:50AM ET"
1774082975,2026-03-21 08:49:35,BUY,Up,0.18999998668560572,55.249856,10.497471904381634,"Bitcoin Up or Down - March 21, 4:45AM-4:50AM ET"
1774083003,2026-03-21 08:50:03,,,0.0,993.066182,0.0,"Bitcoin Up or Down - March 21, 4:40AM-4:45AM ET"
1774083015,2026-03-21 08:50:15,BUY,Up,0.48,78.81553,37.8314544,"Bitcoin Up or Down - March 21, 4:50AM-4:55AM ET"
1774083059,2026-03-21 08:50:59,BUY,Down,0.5566448911280806,111.154027,61.87332125786273,"Bitcoin Up or Down - March 21, 4:50AM-4:55AM ET"
1774083075,2026-03-21 08:51:15,SELL,Up,0.41720678352572327,70.17,29.2754,"Bitcoin Up or Down - March 21, 4:50AM-4:55AM ET"
1774083083,2026-03-21 08:51:23,SELL,Up,0.35,41.05,14.367499999999998,"Bitcoin Up or Down - March 21, 4:50AM-4:55AM ET"
1774083113,2026-03-21 08:51:53,BUY,Up,0.46856354355778324,18.573719,8.702967591686527,"Bitcoin Up or Down - March 21, 4:50AM-4:55AM ET"
1774083159,2026-03-21 08:52:39,SELL,Down,0.41606579121899456,75.39,31.3672,"Bitcoin Up or Down - March 21, 4:50AM-4:55AM ET"
1774083201,2026-03-21 08:53:21,BUY,Down,0.5086186926734162,44.398247999999995,22.581778854750112,"Bitcoin Up or Down - March 21, 4:50AM-4:55AM ET"
1774083215,2026-03-21 08:53:35,,,0.5,1000.0,500.0,"Bitcoin Up or Down - March 21, 4:55AM-5:00AM ET"
1774083233,2026-03-21 08:53:53,BUY,Down,0.4899999955998562,55.929285,27.405349403903102,"Bitcoin Up or Down - March 21, 4:50AM-4:55AM ET"
1774083237,2026-03-21 08:53:57,SELL,Up,0.25,57.01,14.2525,"Bitcoin Up or Down - March 21, 4:50AM-4:55AM ET"
1774083245,2026-03-21 08:54:05,SELL,Down,0.46,6.08,2.7968,"Bitcoin Up or Down - March 21, 4:50AM-4:55AM ET"
1774083245,2026-03-21 08:54:05,BUY,Up,0.4,50.95552,20.382208000000002,"Bitcoin Up or Down - March 21, 4:50AM-4:55AM ET"
1774083267,2026-03-21 08:54:27,BUY,Down,0.5,84.06563,42.032815,"Bitcoin Up or Down - March 21, 4:50AM-4:55AM ET"
1774083303,2026-03-21 08:55:03,,,0.0,1135.267169,0.0,"Bitcoin Up or Down - March 21, 4:45AM-4:50AM ET"
1774083367,2026-03-21 08:56:07,SELL,Down,0.35627484333034914,111.7,39.7959,"Bitcoin Up or Down - March 21, 4:55AM-5:00AM ET"
1774083377,2026-03-21 08:56:17,SELL,Down,0.29,22.75,6.597499999999999,"Bitcoin Up or Down - March 21, 4:55AM-5:00AM ET"
1774083423,2026-03-21 08:57:03,BUY,Down,0.329999989447674,41.187377999999995,13.59183430537736,"Bitcoin Up or Down - March 21, 4:55AM-5:00AM ET"
1774083443,2026-03-21 08:57:23,SELL,Down,0.25,60.86,15.215,"Bitcoin Up or Down - March 21, 4:55AM-5:00AM ET"
1774083465,2026-03-21 08:57:45,BUY,Down,0.33765318265684263,45.360334,15.31606114147739,"Bitcoin Up or Down - March 21, 4:55AM-5:00AM ET"
1774083515,2026-03-21 08:58:35,,,0.5,1000.0,500.0,"Bitcoin Up or Down - March 21, 5:00AM-5:05AM ET"
1774083603,2026-03-21 09:00:03,,,0.0,1214.07719,0.0,"Bitcoin Up or Down - March 21, 4:50AM-4:55AM ET"
1774083631,2026-03-21 09:00:31,SELL,Down,0.48,5.02,2.4095999999999997,"Bitcoin Up or Down - March 21, 5:00AM-5:05AM ET"
1774083647,2026-03-21 09:00:47,SELL,Down,0.38,127.29,48.370200000000004,"Bitcoin Up or Down - March 21, 5:00AM-5:05AM ET"
1774083649,2026-03-21 09:00:49,SELL,Down,0.32,20.28,6.4896,"Bitcoin Up or Down - March 21, 5:00AM-5:05AM ET"
1774083677,2026-03-21 09:01:17,SELL,Down,0.3,94.94,28.482,"Bitcoin Up or Down - March 21, 5:00AM-5:05AM ET"
1774083683,2026-03-21 09:01:23,SELL,Down,0.29,10.82,3.1378,"Bitcoin Up or Down - March 21, 5:00AM-5:05AM ET"
1774083745,2026-03-21 09:02:25,BUY,Down,0.21999996265251634,17.010212,3.7422460047113852,"Bitcoin Up or Down - March 21, 5:00AM-5:05AM ET"
1774083757,2026-03-21 09:02:37,BUY,Down,0.23347970056041617,85.654442,19.998573469829534,"Bitcoin Up or Down - March 21, 5:00AM-5:05AM ET"
1774083815,2026-03-21 09:03:35,,,0.5,1000.0,500.0,"Bitcoin Up or Down - March 21, 5:05AM-5:10AM ET"
1774083903,2026-03-21 09:05:03,,,0.0,1000.0,0.0,"Bitcoin Up or Down - March 21, 4:55AM-5:00AM ET"
1774083931,2026-03-21 09:05:31,SELL,Up,0.41,46.78,19.1798,"Bitcoin Up or Down - March 21, 5:05AM-5:10AM ET"
1774083933,2026-03-21 09:05:33,SELL,Up,0.3824050024050024,103.95,39.751000000000005,"Bitcoin Up or Down - March 21, 5:05AM-5:10AM ET"
1774083935,2026-03-21 09:05:35,BUY,Up,0.4699999892057414,43.778264,20.575783607446095,"Bitcoin Up or Down - March 21, 5:05AM-5:10AM ET"
1774083941,2026-03-21 09:05:41,BUY,Up,0.5,80.955,40.4775,"Bitcoin Up or Down - March 21, 5:05AM-5:10AM ET"
1774083943,2026-03-21 09:05:43,BUY,Down,0.5299999772265546,4.755267,2.5202914017061864,"Bitcoin Up or Down - March 21, 5:05AM-5:10AM ET"
1774083963,2026-03-21 09:06:03,BUY,Up,0.5221560437742502,29.693945000000003,15.504872845250178,"Bitcoin Up or Down - March 21, 5:05AM-5:10AM ET"
1774084011,2026-03-21 09:06:51,SELL,Down,0.2911206464993206,139.83,40.70740000000001,"Bitcoin Up or Down - March 21, 5:05AM-5:10AM ET"
1774084013,2026-03-21 09:06:53,SELL,Down,0.22416839089606877,62.83,14.0845,"Bitcoin Up or Down - March 21, 5:05AM-5:10AM ET"
1774084015,2026-03-21 09:06:55,BUY,Down,0.32,35.79002,11.4528064,"Bitcoin Up or Down - March 21, 5:05AM-5:10AM ET"
1774084023,2026-03-21 09:07:03,BUY,Down,0.4,44.57376,17.829504,"Bitcoin Up or Down - March 21, 5:05AM-5:10AM ET"
1774084029,2026-03-21 09:07:09,BUY,Down,0.41999998390243826,26.927842,11.3096932065274,"Bitcoin Up or Down - March 21, 5:05AM-5:10AM ET"
1774084033,2026-03-21 09:07:13,SELL,Down,0.35212224108658746,94.24,33.184,"Bitcoin Up or Down - March 21, 5:05AM-5:10AM ET"
1774084055,2026-03-21 09:07:35,SELL,Down,0.23116767209321543,121.01,27.9736,"Bitcoin Up or Down - March 21, 5:05AM-5:10AM ET"
1774084065,2026-03-21 09:07:45,BUY,Down,0.24443717277486912,30.299409999999998,7.406302117146597,"Bitcoin Up or Down - March 21, 5:05AM-5:10AM ET"
1774084079,2026-03-21 09:07:59,SELL,Down,0.18552074007758879,67.02,12.4336,"Bitcoin Up or Down - March 21, 5:05AM-5:10AM ET"
1774084083,2026-03-21 09:08:03,SELL,Down,0.12,22.68,2.7216,"Bitcoin Up or Down - March 21, 5:05AM-5:10AM ET"
1774084099,2026-03-21 09:08:19,BUY,Down,0.10144927536231885,66.10239999999999,6.7060405797101446,"Bitcoin Up or Down - March 21, 5:05AM-5:10AM ET"
1774084103,2026-03-21 09:08:23,BUY,Down,0.18832154912306145,118.46186300000001,22.308921552163877,"Bitcoin Up or Down - March 21, 5:05AM-5:10AM ET"
1774084111,2026-03-21 09:08:31,SELL,Up,0.8,5.0,4.0,"Bitcoin Up or Down - March 21, 5:05AM-5:10AM ET"
1774084115,2026-03-21 09:08:35,,,0.5,1000.0,500.0,"Bitcoin Up or Down - March 21, 5:10AM-5:15AM ET"
1774084133,2026-03-21 09:08:53,BUY,Down,0.259999981860464,29.493738999999998,7.66837160499726,"Bitcoin Up or Down - March 21, 5:05AM-5:10AM ET"
1774084143,2026-03-21 09:09:03,SELL,Up,0.64,5.0,3.2,"Bitcoin Up or Down - March 21, 5:05AM-5:10AM ET"
1774084145,2026-03-21 09:09:05,SELL,Down,0.31,15.51,4.8081,"Bitcoin Up or Down - March 21, 5:05AM-5:10AM ET"
1774084149,2026-03-21 09:09:09,BUY,Down,0.1611101258264653,53.568376,8.630407797679405,"Bitcoin Up or Down - March 21, 5:05AM-5:10AM ET"
1774084165,2026-03-21 09:09:25,SELL,Down,0.0537321730722746,41.37,2.2229,"Bitcoin Up or Down - March 21, 5:05AM-5:10AM ET"
1774084169,2026-03-21 09:09:29,SELL,Up,0.94,45.27,42.5538,"Bitcoin Up or Down - March 21, 5:05AM-5:10AM ET"
1774084181,2026-03-21 09:09:41,BUY,Down,0.05,151.91427,7.5957135,"Bitcoin Up or Down - March 21, 5:05AM-5:10AM ET"
1774084203,2026-03-21 09:10:03,,,0.0,1000.0,0.0,"Bitcoin Up or Down - March 21, 5:00AM-5:05AM ET"
1774084215,2026-03-21 09:10:15,SELL,Up,0.34,13.64,4.637600000000001,"Bitcoin Up or Down - March 21, 5:10AM-5:15AM ET"
1774084239,2026-03-21 09:10:39,SELL,Up,0.33,17.54,5.7882,"Bitcoin Up or Down - March 21, 5:10AM-5:15AM ET"
1774084273,2026-03-21 09:11:13,SELL,Up,0.27,63.34,17.1018,"Bitcoin Up or Down - March 21, 5:10AM-5:15AM ET"
1774084283,2026-03-21 09:11:23,BUY,Up,0.3399999706625558,18.847944,6.408300407049493,"Bitcoin Up or Down - March 21, 5:10AM-5:15AM ET"
1774084295,2026-03-21 09:11:35,BUY,Up,0.39443917525012273,66.77553999999999,26.338888924481576,"Bitcoin Up or Down - March 21, 5:10AM-5:15AM ET"
1774084305,2026-03-21 09:11:45,BUY,Up,0.37999996930768887,13.494318999999999,5.127840805828162,"Bitcoin Up or Down - March 21, 5:10AM-5:15AM ET"
1774084327,2026-03-21 09:12:07,SELL,Up,0.24,63.34,15.201600000000001,"Bitcoin Up or Down - March 21, 5:10AM-5:15AM ET"
1774084343,2026-03-21 09:12:23,SELL,Up,0.25,33.78,8.445,"Bitcoin Up or Down - March 21, 5:10AM-5:15AM ET"
1774084375,2026-03-21 09:12:55,SELL,Down,0.77,5.0,3.85,"Bitcoin Up or Down - March 21, 5:10AM-5:15AM ET"
1774084409,2026-03-21 09:13:29,BUY,Up,0.3,22.54863,6.764589,"Bitcoin Up or Down - March 21, 5:10AM-5:15AM ET"
1774084413,2026-03-21 09:13:33,,,0.5,1000.0,500.0,"Bitcoin Up or Down - March 21, 5:15AM-5:20AM ET"
1774084443,2026-03-21 09:14:03,BUY,Up,0.3989206691851052,45.659130000000005,18.214370694009716,"Bitcoin Up or Down - March 21, 5:10AM-5:15AM ET"
1774084443,2026-03-21 09:14:03,BUY,Up,0.4199999710344748,6.8023299999999995,2.8569784029669387,"Bitcoin Up or Down - March 21, 5:10AM-5:15AM ET"
1774084453,2026-03-21 09:14:13,BUY,Up,0.5699999648148115,11.19769,6.382682906007167,"Bitcoin Up or Down - March 21, 5:10AM-5:15AM ET"
1774084503,2026-03-21 09:15:03,,,0.0,948.427209,0.0,"Bitcoin Up or Down - March 21, 5:05AM-5:10AM ET"
1774084529,2026-03-21 09:15:29,SELL,Up,0.38072493477450614,214.64,81.71879999999999,"Bitcoin Up or Down - March 21, 5:15AM-5:20AM ET"
1774084567,2026-03-21 09:16:07,SELL,Up,0.30978801879100826,257.57,79.79209999999999,"Bitcoin Up or Down - March 21, 5:15AM-5:20AM ET"
1774084569,2026-03-21 09:16:09,SELL,Up,0.28,28.5,7.98,"Bitcoin Up or Down - March 21, 5:15AM-5:20AM ET"
1774084629,2026-03-21 09:17:09,SELL,Up,0.2076762969866418,32.19,6.685099999999999,"Bitcoin Up or Down - March 21, 5:15AM-5:20AM ET"
1774084643,2026-03-21 09:17:23,SELL,Up,0.11014953271028037,53.5,5.893,"Bitcoin Up or Down - March 21, 5:15AM-5:20AM ET"
1774084715,2026-03-21 09:18:35,,,0.5,1000.0,500.0,"Bitcoin Up or Down - March 21, 5:20AM-5:25AM ET"
1774084803,2026-03-21 09:20:03,,,0.0,993.685583,0.0,"Bitcoin Up or Down - March 21, 5:10AM-5:15AM ET"
1774084811,2026-03-21 09:20:11,BUY,Up,0.46999999230272926,42.207279,19.837420805119148,"Bitcoin Up or Down - March 21, 5:20AM-5:25AM ET"
1774084813,2026-03-21 09:20:13,SELL,Up,0.44,51.97,22.8668,"Bitcoin Up or Down - March 21, 5:20AM-5:25AM ET"
1774084819,2026-03-21 09:20:19,SELL,Up,0.42,5.84,2.4528,"Bitcoin Up or Down - March 21, 5:20AM-5:25AM ET"
1774084847,2026-03-21 09:20:47,SELL,Up,0.36,27.45,9.882,"Bitcoin Up or Down - March 21, 5:20AM-5:25AM ET"
1774084853,2026-03-21 09:20:53,SELL,Up,0.31,8.63,2.6753,"Bitcoin Up or Down - March 21, 5:20AM-5:25AM ET"
1774084905,2026-03-21 09:21:45,SELL,Up,0.2472875512486023,107.32,26.538899999999998,"Bitcoin Up or Down - March 21, 5:20AM-5:25AM ET"
1774084921,2026-03-21 09:22:01,BUY,Up,0.43508794882977175,67.75109,29.477682779081263,"Bitcoin Up or Down - March 21, 5:20AM-5:25AM ET"
1774084925,2026-03-21 09:22:05,SELL,Up,0.33,12.99,4.286700000000001,"Bitcoin Up or Down - March 21, 5:20AM-5:25AM ET"
1774084933,2026-03-21 09:22:13,SELL,Up,0.232192118226601,12.18,2.8281,"Bitcoin Up or Down - March 21, 5:20AM-5:25AM ET"
1774084985,2026-03-21 09:23:05,BUY,Up,0.33,54.32783,17.9281839,"Bitcoin Up or Down - March 21, 5:20AM-5:25AM ET"
1774085015,2026-03-21 09:23:35,,,0.5,1000.0,500.0,"Bitcoin Up or Down - March 21, 5:25AM-5:30AM ET"
1774085103,2026-03-21 09:25:03,,,0.0,1000.0,0.0,"Bitcoin Up or Down - March 21, 5:15AM-5:20AM ET"
1774085141,2026-03-21 09:25:41,SELL,Up,0.36092793912098153,128.78,46.4803,"Bitcoin Up or Down - March 21, 5:25AM-5:30AM ET"
1774085151,2026-03-21 09:25:51,BUY,Up,0.4,31.711679999999998,12.684671999999999,"Bitcoin Up or Down - March 21, 5:25AM-5:30AM ET"
1774085227,2026-03-21 09:27:07,SELL,Up,0.33262069768796226,171.71,57.1143,"Bitcoin Up or Down - March 21, 5:25AM-5:30AM ET"
1774085233,2026-03-21 09:27:13,SELL,Up,0.22,61.15,13.453,"Bitcoin Up or Down - March 21, 5:25AM-5:30AM ET"
1774085245,2026-03-21 09:27:25,SELL,Up,0.25,20.12,5.03,"Bitcoin Up or Down - March 21, 5:25AM-5:30AM ET"
1774085247,2026-03-21 09:27:27,SELL,Up,0.18149400218102507,18.34,3.3286,"Bitcoin Up or Down - March 21, 5:25AM-5:30AM ET"
1774085249,2026-03-21 09:27:29,SELL,Up,0.15,5.0,0.75,"Bitcoin Up or Down - March 21, 5:25AM-5:30AM ET"
1774085295,2026-03-21 09:28:15,SELL,Down,0.93,34.28,31.8804,"Bitcoin Up or Down - March 21, 5:25AM-5:30AM ET"
1774085315,2026-03-21 09:28:35,,,0.5,1000.0,500.0,"Bitcoin Up or Down - March 21, 5:30AM-5:35AM ET"
1774085403,2026-03-21 09:30:03,,,0.0,1000.0,0.0,"Bitcoin Up or Down - March 21, 5:20AM-5:25AM ET"
1774085417,2026-03-21 09:30:17,BUY,Down,0.5499999863523559,14.430124,7.936568003062804,"Bitcoin Up or Down - March 21, 5:30AM-5:35AM ET"
1774085427,2026-03-21 09:30:27,BUY,Up,0.5199999931930807,40.493944,21.05685060436099,"Bitcoin Up or Down - March 21, 5:30AM-5:35AM ET"
1774085461,2026-03-21 09:31:01,SELL,Down,0.3962339600119367,167.55,66.389,"Bitcoin Up or Down - March 21, 5:30AM-5:35AM ET"
1774085527,2026-03-21 09:32:07,SELL,Down,0.38,125.66,47.7508,"Bitcoin Up or Down - March 21, 5:30AM-5:35AM ET"
1774085587,2026-03-21 09:33:07,SELL,Down,0.31,18.84,5.8404,"Bitcoin Up or Down - March 21, 5:30AM-5:35AM ET"
1774085605,2026-03-21 09:33:25,SELL,Down,0.16414645974781766,103.1,16.9235,"Bitcoin Up or Down - March 21, 5:30AM-5:35AM ET"
1774085615,2026-03-21 09:33:35,,,0.5,1000.0,500.0,"Bitcoin Up or Down - March 21, 5:35AM-5:40AM ET"
1774085703,2026-03-21 09:35:03,,,0.0,965.72,0.0,"Bitcoin Up or Down - March 21, 5:25AM-5:30AM ET"
1774085741,2026-03-21 09:35:41,BUY,Down,0.5055222379647325,212.23092200000002,107.28745065475859,"Bitcoin Up or Down - March 21, 5:35AM-5:40AM ET"
1774085763,2026-03-21 09:36:03,SELL,Up,0.35293514722325753,214.64,75.75399999999999,"Bitcoin Up or Down - March 21, 5:35AM-5:40AM ET"
1774085779,2026-03-21 09:36:19,SELL,Up,0.25,24.76,6.19,"Bitcoin Up or Down - March 21, 5:35AM-5:40AM ET"
1774085883,2026-03-21 09:38:03,BUY,Up,0.25,55.74571,13.9364275,"Bitcoin Up or Down - March 21, 5:35AM-5:40AM ET"
1774085885,2026-03-21 09:38:05,BUY,Up,0.4,3.9670400000000003,1.5868160000000002,"Bitcoin Up or Down - March 21, 5:35AM-5:40AM ET"
1774085889,2026-03-21 09:38:09,SELL,Down,0.38,10.14,3.8532,"Bitcoin Up or Down - March 21, 5:35AM-5:40AM ET"
1774085893,2026-03-21 09:38:13,BUY,Down,0.2199999744186034,27.162194999999997,5.975682205153117,"Bitcoin Up or Down - March 21, 5:35AM-5:40AM ET"
1774085911,2026-03-21 09:38:31,BUY,Down,0.22756312747185883,32.616099999999996,7.422221721934894,"Bitcoin Up or Down - March 21, 5:35AM-5:40AM ET"
1774085915,2026-03-21 09:38:35,,,0.5,1000.0,500.0,"Bitcoin Up or Down - March 21, 5:40AM-5:45AM ET"
1774085923,2026-03-21 09:38:43,BUY,Down,0.1683243463225134,39.963794,6.726879501617582,"Bitcoin Up or Down - March 21, 5:35AM-5:40AM ET"
1774086003,2026-03-21 09:40:03,,,0.0,1040.493944,0.0,"Bitcoin Up or Down - March 21, 5:30AM-5:35AM ET"
1774086037,2026-03-21 09:40:37,BUY,Down,0.5299999977328068,56.450131,29.918569302016646,"Bitcoin Up or Down - March 21, 5:40AM-5:45AM ET"
1774086043,2026-03-21 09:40:43,BUY,Up,0.4299999730884334,16.836312,7.239613706908468,"Bitcoin Up or Down - March 21, 5:40AM-5:45AM ET"
1774086051,2026-03-21 09:40:51,BUY,Up,0.45999998873469183,10.487862,4.8244164018510025,"Bitcoin Up or Down - March 21, 5:40AM-5:45AM ET"
1774086159,2026-03-21 09:42:39,BUY,Down,0.4499999938229235,31.881945999999996,14.346875503062778,"Bitcoin Up or Down - March 21, 5:40AM-5:45AM ET"
1774086163,2026-03-21 09:42:43,SELL,Up,0.23,34.2,7.866000000000001,"Bitcoin Up or Down - March 21, 5:40AM-5:45AM ET"
1774086167,2026-03-21 09:42:47,SELL,Up,0.21,21.31,4.475099999999999,"Bitcoin Up or Down - March 21, 5:40AM-5:45AM ET"
1774086169,2026-03-21 09:42:49,SELL,Up,0.16637733887733888,38.48,6.4022,"Bitcoin Up or Down - March 21, 5:40AM-5:45AM ET"
1774086215,2026-03-21 09:43:35,,,0.5,1000.0,500.0,"Bitcoin Up or Down - March 21, 5:45AM-5:50AM ET"
1774086215,2026-03-21 09:43:35,SELL,Up,0.07526315789473684,38.0,2.86,"Bitcoin Up or Down - March 21, 5:40AM-5:45AM ET"
1774086231,2026-03-21 09:43:51,SELL,Up,0.17,57.01,9.6917,"Bitcoin Up or Down - March 21, 5:40AM-5:45AM ET"
1774086303,2026-03-21 09:45:03,,,0.0,820.31275,0.0,"Bitcoin Up or Down - March 21, 5:35AM-5:40AM ET"
1774086313,2026-03-21 09:45:13,BUY,Down,0.57,64.30028999999999,36.65116529999999,"Bitcoin Up or Down - March 21, 5:45AM-5:50AM ET"
1774086349,2026-03-21 09:45:49,BUY,Up,0.588997294286169,61.90951,36.46453388058252,"Bitcoin Up or Down - March 21, 5:45AM-5:50AM ET"
1774086355,2026-03-21 09:45:55,BUY,Down,0.5299999852393377,21.342944,11.31176000496401,"Bitcoin Up or Down - March 21, 5:45AM-5:50AM ET"
1774086367,2026-03-21 09:46:07,SELL,Up,0.42,51.97,21.827399999999997,"Bitcoin Up or Down - March 21, 5:45AM-5:50AM ET"
1774086459,2026-03-21 09:47:39,BUY,Up,0.6,14.307635,8.584581,"Bitcoin Up or Down - March 21, 5:45AM-5:50AM ET"
1774086481,2026-03-21 09:48:01,SELL,Down,0.31,19.78,6.1318,"Bitcoin Up or Down - March 21, 5:45AM-5:50AM ET"
1774086515,2026-03-21 09:48:35,,,0.5,1000.0,500.0,"Bitcoin Up or Down - March 21, 5:50AM-5:55AM ET"
1774086559,2026-03-21 09:49:19,BUY,Down,0.19873239611998655,39.89996,7.929414655891619,"Bitcoin Up or Down - March 21, 5:45AM-5:50AM ET"
1774086603,2026-03-21 09:50:03,,,0.0,1088.332077,0.0,"Bitcoin Up or Down - March 21, 5:40AM-5:45AM ET"
1774086611,2026-03-21 09:50:11,SELL,Up,0.38,69.56,26.4328,"Bitcoin Up or Down - March 21, 5:50AM-5:55AM ET"
1774086621,2026-03-21 09:50:21,SELL,Up,0.32197060788243154,74.85,24.0995,"Bitcoin Up or Down - March 21, 5:50AM-5:55AM ET"
1774086675,2026-03-21 09:51:15,BUY,Up,0.41971038217792883,162.946956,68.39052917749015,"Bitcoin Up or Down - March 21, 5:50AM-5:55AM ET"
1774086679,2026-03-21 09:51:19,BUY,Up,0.4777436964899783,29.363497,14.028225598652387,"Bitcoin Up or Down - March 21, 5:50AM-5:55AM ET"
1774086709,2026-03-21 09:51:49,SELL,Down,0.45,9.3,4.1850000000000005,"Bitcoin Up or Down - March 21, 5:50AM-5:55AM ET"
1774086731,2026-03-21 09:52:11,SELL,Down,0.25981089151144604,70.33,18.2725,"Bitcoin Up or Down - March 21, 5:50AM-5:55AM ET"
1774086789,2026-03-21 09:53:09,BUY,Down,0.29999995312499267,10.549075,3.164722005512032,"Bitcoin Up or Down - March 21, 5:50AM-5:55AM ET"
1774086815,2026-03-21 09:53:35,,,0.5,1000.0,500.0,"Bitcoin Up or Down - March 21, 5:55AM-6:00AM ET"
1774086835,2026-03-21 09:53:55,SELL,Down,0.08113021057155136,93.08,7.5516,"Bitcoin Up or Down - March 21, 5:50AM-5:55AM ET"
1774086883,2026-03-21 09:54:43,BUY,Down,0.25,9.91211,2.4780275,"Bitcoin Up or Down - March 21, 5:50AM-5:55AM ET"
1774086903,2026-03-21 09:55:03,,,0.0,1024.247145,0.0,"Bitcoin Up or Down - March 21, 5:45AM-5:50AM ET"
1774086929,2026-03-21 09:55:29,BUY,Up,0.37999999522493083,103.257475,39.23784000693841,"Bitcoin Up or Down - March 21, 5:55AM-6:00AM ET"
1774087085,2026-03-21 09:58:05,BUY,Up,0.45999999341681524,23.929436,11.007540402468102,"Bitcoin Up or Down - March 21, 5:55AM-6:00AM ET"
1774087115,2026-03-21 09:58:35,,,0.5,1000.0,500.0,"Bitcoin Up or Down - March 21, 6:00AM-6:05AM ET"
1774087203,2026-03-21 10:00:03,,,0.0,1047.900453,0.0,"Bitcoin Up or Down - March 21, 5:50AM-5:55AM ET"
1774087251,2026-03-21 10:00:51,BUY,Down,0.46999999964944994,224.672574,105.59610970124102,"Bitcoin Up or Down - March 21, 6:00AM-6:05AM ET"
1774087271,2026-03-21 10:01:11,SELL,Up,0.31,68.79,21.324900000000003,"Bitcoin Up or Down - March 21, 6:00AM-6:05AM ET"
1774087293,2026-03-21 10:01:33,SELL,Up,0.18064693737095663,14.53,2.6247999999999996,"Bitcoin Up or Down - March 21, 6:00AM-6:05AM ET"
1774087313,2026-03-21 10:01:53,SELL,Up,0.17559101654846335,8.46,1.4855,"Bitcoin Up or Down - March 21, 6:00AM-6:05AM ET"
1774087325,2026-03-21 10:02:05,SELL,Down,0.7,8.59,6.013,"Bitcoin Up or Down - March 21, 6:00AM-6:05AM ET"
1774087415,2026-03-21 10:03:35,,,0.5,1000.0,500.0,"Bitcoin Up or Down - March 21, 6:05AM-6:10AM ET"
1774087503,2026-03-21 10:05:03,,,0.0,1127.186911,0.0,"Bitcoin Up or Down - March 21, 5:55AM-6:00AM ET"
1774087569,2026-03-21 10:06:09,BUY,Up,0.28,61.37005,17.183614000000002,"Bitcoin Up or Down - March 21, 6:05AM-6:10AM ET"
1774087617,2026-03-21 10:06:57,SELL,Up,0.21,57.01,11.9721,"Bitcoin Up or Down - March 21, 6:05AM-6:10AM ET"
1774087637,2026-03-21 10:07:17,SELL,Up,0.18988217407829722,52.62,9.991599999999998,"Bitcoin Up or Down - March 21, 6:05AM-6:10AM ET"
1774087637,2026-03-21 10:07:17,SELL,Up,0.14,7.98,1.1172000000000002,"Bitcoin Up or Down - March 21, 6:05AM-6:10AM ET"
1774087673,2026-03-21 10:07:53,BUY,Up,0.19186735096723254,37.766639999999995,7.2461851717331225,"Bitcoin Up or Down - March 21, 6:05AM-6:10AM ET"
1774087715,2026-03-21 10:08:35,,,0.5,1000.0,500.0,"Bitcoin Up or Down - March 21, 6:10AM-6:15AM ET"
1774087729,2026-03-21 10:08:49,BUY,Up,0.25,42.34454,10.586135,"Bitcoin Up or Down - March 21, 6:05AM-6:10AM ET"
1774087733,2026-03-21 10:08:53,BUY,Up,0.34,16.29229,5.539378600000001,"Bitcoin Up or Down - March 21, 6:05AM-6:10AM ET"
1774087743,2026-03-21 10:09:03,BUY,Up,0.4,16.903039999999997,6.761215999999999,"Bitcoin Up or Down - March 21, 6:05AM-6:10AM ET"
1774087767,2026-03-21 10:09:27,BUY,Up,0.46,37.41383,17.2103618,"Bitcoin Up or Down - March 21, 6:05AM-6:10AM ET"
1774087803,2026-03-21 10:10:03,,,0.0,908.22,0.0,"Bitcoin Up or Down - March 21, 6:00AM-6:05AM ET"
1774087817,2026-03-21 10:10:17,SELL,Down,0.4,79.12,31.648000000000003,"Bitcoin Up or Down - March 21, 6:10AM-6:15AM ET"
1774087823,2026-03-21 10:10:23,BUY,Down,0.4599999878030283,11.301209,5.198556002159473,"Bitcoin Up or Down - March 21, 6:10AM-6:15AM ET"
1774087925,2026-03-21 10:12:05,BUY,Down,0.5,70.18594,35.09297,"Bitcoin Up or Down - March 21, 6:10AM-6:15AM ET"
1774087927,2026-03-21 10:12:07,SELL,Up,0.28617588932806326,40.48,11.5844,"Bitcoin Up or Down - March 21, 6:10AM-6:15AM ET"
1774087939,2026-03-21 10:12:19,SELL,Up,0.2884117461319861,31.67,9.134,"Bitcoin Up or Down - March 21, 6:10AM-6:15AM ET"
1774087941,2026-03-21 10:12:21,SELL,Up,0.2381722958529286,46.78,11.1417,"Bitcoin Up or Down - March 21, 6:10AM-6:15AM ET"
1774087985,2026-03-21 10:13:05,SELL,Up,0.1254462659380692,27.45,3.4435,"Bitcoin Up or Down - March 21, 6:10AM-6:15AM ET"
1774088015,2026-03-21 10:13:35,,,0.5,1000.0,500.0,"Bitcoin Up or Down - March 21, 6:15AM-6:20AM ET"
1774088103,2026-03-21 10:15:03,,,0.0,1000.0,0.0,"Bitcoin Up or Down - March 21, 6:05AM-6:10AM ET"
1774088219,2026-03-21 10:16:59,SELL,Up,0.33,21.46,7.0818,"Bitcoin Up or Down - March 21, 6:15AM-6:20AM ET"
1774088271,2026-03-21 10:17:51,SELL,Up,0.21064504406286907,110.07,23.185699999999997,"Bitcoin Up or Down - March 21, 6:15AM-6:20AM ET"
1774088315,2026-03-21 10:18:35,,,0.5,1000.0,500.0,"Bitcoin Up or Down - March 21, 6:20AM-6:25AM ET"
1774088403,2026-03-21 10:20:03,,,0.0,1002.367149,0.0,"Bitcoin Up or Down - March 21, 6:10AM-6:15AM ET"
1774088425,2026-03-21 10:20:25,BUY,Up,0.56,43.33216,24.266009600000004,"Bitcoin Up or Down - March 21, 6:20AM-6:25AM ET"
1774088427,2026-03-21 10:20:27,BUY,Down,0.41999994372207794,9.452896999999998,3.9702162080105987,"Bitcoin Up or Down - March 21, 6:20AM-6:25AM ET"
1774088429,2026-03-21 10:20:29,BUY,Down,0.539999950499984,4.375893,2.362982003393226,"Bitcoin Up or Down - March 21, 6:20AM-6:25AM ET"
1774088479,2026-03-21 10:21:19,SELL,Up,0.37282736504543024,56.13,20.9268,"Bitcoin Up or Down - March 21, 6:20AM-6:25AM ET"
1774088517,2026-03-21 10:21:57,BUY,Up,0.4113805858678852,50.299328,20.692167021400923,"Bitcoin Up or Down - March 21, 6:20AM-6:25AM ET"
1774088571,2026-03-21 10:22:51,SELL,Up,0.2,76.01,15.202000000000002,"Bitcoin Up or Down - March 21, 6:20AM-6:25AM ET"
1774088573,2026-03-21 10:22:53,BUY,Up,0.33999999266962555,45.798461,15.571476404280133,"Bitcoin Up or Down - March 21, 6:20AM-6:25AM ET"
1774088615,2026-03-21 10:23:35,,,0.5,1000.0,500.0,"Bitcoin Up or Down - March 21, 6:25AM-6:30AM ET"
1774088619,2026-03-21 10:23:39,SELL,Up,0.07,25.65,1.7955,"Bitcoin Up or Down - March 21, 6:20AM-6:25AM ET"
1774088647,2026-03-21 10:24:07,BUY,Up,0.11020918360532832,39.737572,4.3794453685779535,"Bitcoin Up or Down - March 21, 6:20AM-6:25AM ET"
1774088667,2026-03-21 10:24:27,BUY,Up,0.22787878787878788,57.30304,13.058147296969697,"Bitcoin Up or Down - March 21, 6:20AM-6:25AM ET"
1774088703,2026-03-21 10:25:03,,,0.0,1000.0,0.0,"Bitcoin Up or Down - March 21, 6:15AM-6:20AM ET"
1774088767,2026-03-21 10:26:07,BUY,Down,0.40999997752673617,17.977021,7.370578205997664,"Bitcoin Up or Down - March 21, 6:25AM-6:30AM ET"
1774088775,2026-03-21 10:26:15,BUY,Down,0.47846896858546356,53.94672,25.8118314769688,"Bitcoin Up or Down - March 21, 6:25AM-6:30AM ET"
1774088809,2026-03-21 10:26:49,BUY,Down,0.3099999589233924,15.402434,4.774753907320262,"Bitcoin Up or Down - March 21, 6:25AM-6:30AM ET"
1774088821,2026-03-21 10:27:01,BUY,Down,0.4442924783900582,17.620936,7.828849326992598,"Bitcoin Up or Down - March 21, 6:25AM-6:30AM ET"
1774088837,2026-03-21 10:27:17,BUY,Down,0.5399999761011577,17.302982999999998,9.343610406478737,"Bitcoin Up or Down - March 21, 6:25AM-6:30AM ET"
1774088849,2026-03-21 10:27:29,SELL,Down,0.39,40.57,15.8223,"Bitcoin Up or Down - March 21, 6:25AM-6:30AM ET"
1774088859,2026-03-21 10:27:39,SELL,Down,0.3,26.37,7.911,"Bitcoin Up or Down - March 21, 6:25AM-6:30AM ET"
1774088873,2026-03-21 10:27:53,SELL,Down,0.2,12.98,2.596,"Bitcoin Up or Down - March 21, 6:25AM-6:30AM ET"
1774088877,2026-03-21 10:27:57,BUY,Down,0.18019353131121676,40.566942000000004,7.3099005334773155,"Bitcoin Up or Down - March 21, 6:25AM-6:30AM ET"
1774088909,2026-03-21 10:28:29,BUY,Down,0.23132007233273055,68.57863,15.863613652079566,"Bitcoin Up or Down - March 21, 6:25AM-6:30AM ET"
1774088915,2026-03-21 10:28:35,,,0.5,1000.0,500.0,"Bitcoin Up or Down - March 21, 6:30AM-6:35AM ET"
1774089003,2026-03-21 10:30:03,,,0.0,1013.82879,0.0,"Bitcoin Up or Down - March 21, 6:20AM-6:25AM ET"
1774089017,2026-03-21 10:30:17,SELL,Down,0.27,21.97,5.9319,"Bitcoin Up or Down - March 21, 6:30AM-6:35AM ET"
1774089067,2026-03-21 10:31:07,BUY,Down,0.32,26.58775,8.50808,"Bitcoin Up or Down - March 21, 6:30AM-6:35AM ET"
1774089067,2026-03-21 10:31:07,BUY,Down,0.4,22.447039999999998,8.978816,"Bitcoin Up or Down - March 21, 6:30AM-6:35AM ET"
1774089095,2026-03-21 10:31:35,SELL,Down,0.21,59.34,12.461400000000001,"Bitcoin Up or Down - March 21, 6:30AM-6:35AM ET"
1774089125,2026-03-21 10:32:05,BUY,Down,0.18511146496815287,44.95879,8.322387480095541,"Bitcoin Up or Down - March 21, 6:30AM-6:35AM ET"
1774089129,2026-03-21 10:32:09,BUY,Down,0.24756890411548704,64.46825,15.960334002743247,"Bitcoin Up or Down - March 21, 6:30AM-6:35AM ET"
1774089171,2026-03-21 10:32:51,BUY,Down,0.25,14.313089999999999,3.5782724999999997,"Bitcoin Up or Down - March 21, 6:30AM-6:35AM ET"
1774089203,2026-03-21 10:33:23,SELL,Down,0.09,5.53,0.49770000000000003,"Bitcoin Up or Down - March 21, 6:30AM-6:35AM ET"
1774089215,2026-03-21 10:33:35,,,0.5,1000.0,500.0,"Bitcoin Up or Down - March 21, 6:35AM-6:40AM ET"
1774089303,2026-03-21 10:35:03,,,0.0,1151.475666,0.0,"Bitcoin Up or Down - March 21, 6:25AM-6:30AM ET"
1774089425,2026-03-21 10:37:05,SELL,Down,0.29376955903271695,154.66,45.434400000000004,"Bitcoin Up or Down - March 21, 6:35AM-6:40AM ET"
1774089439,2026-03-21 10:37:19,SELL,Down,0.17,50.71,8.620700000000001,"Bitcoin Up or Down - March 21, 6:35AM-6:40AM ET"
1774089515,2026-03-21 10:38:35,,,0.5,1000.0,500.0,"Bitcoin Up or Down - March 21, 6:40AM-6:45AM ET"
1774089603,2026-03-21 10:40:03,,,0.0,1000.0,0.0,"Bitcoin Up or Down - March 21, 6:30AM-6:35AM ET"
1774089669,2026-03-21 10:41:09,BUY,Down,0.549360799685233,101.826638,55.939563280938735,"Bitcoin Up or Down - March 21, 6:40AM-6:45AM ET"
1774089689,2026-03-21 10:41:29,SELL,Up,0.23,6.7,1.5410000000000001,"Bitcoin Up or Down - March 21, 6:40AM-6:45AM ET"
1774089815,2026-03-21 10:43:35,,,0.5,1000.0,500.0,"Bitcoin Up or Down - March 21, 6:45AM-6:50AM ET"
1774089903,2026-03-21 10:45:03,,,0.0,1000.0,0.0,"Bitcoin Up or Down - March 21, 6:35AM-6:40AM ET"
1774089909,2026-03-21 10:45:09,SELL,Up,0.35,45.27,15.8445,"Bitcoin Up or Down - March 21, 6:45AM-6:50AM ET"
1774090113,2026-03-21 10:48:33,SELL,Up,0.1270313790255987,48.44,6.1534,"Bitcoin Up or Down - March 21, 6:45AM-6:50AM ET"
1774090115,2026-03-21 10:48:35,,,0.5,1000.0,500.0,"Bitcoin Up or Down - March 21, 6:50AM-6:55AM ET"
1774090165,2026-03-21 10:49:25,BUY,Up,0.11588785046728972,53.3596,6.183729345794393,"Bitcoin Up or Down - March 21, 6:45AM-6:50AM ET"
1774090253,2026-03-21 10:50:53,SELL,Down,0.37,137.47,50.8639,"Bitcoin Up or Down - March 21, 6:50AM-6:55AM ET"
1774090383,2026-03-21 10:53:03,BUY,Down,0.26115331832137983,27.996237999999998,7.31131045421511,"Bitcoin Up or Down - March 21, 6:50AM-6:55AM ET"
1774090415,2026-03-21 10:53:35,,,0.5,1000.0,500.0,"Bitcoin Up or Down - March 21, 6:55AM-7:00AM ET"
1774090503,2026-03-21 10:55:03,,,0.0,1000.0,0.0,"Bitcoin Up or Down - March 21, 6:45AM-6:50AM ET"
1774090507,2026-03-21 10:55:07,,,0.0,1101.826638,0.0,"Bitcoin Up or Down - March 21, 6:40AM-6:45AM ET"
1774090569,2026-03-21 10:56:09,SELL,Down,0.27732134330733726,125.66,34.8482,"Bitcoin Up or Down - March 21, 6:55AM-7:00AM ET"
1774090633,2026-03-21 10:57:13,SELL,Down,0.25,45.37,11.3425,"Bitcoin Up or Down - March 21, 6:55AM-7:00AM ET"
1774090715,2026-03-21 10:58:35,,,0.5,1000.0,500.0,"Bitcoin Up or Down - March 21, 7:00AM-7:05AM ET"
1774090739,2026-03-21 10:58:59,BUY,Down,0.05999999073825491,99.254342,5.955259600731585,"Bitcoin Up or Down - March 21, 6:55AM-7:00AM ET"
1774090741,2026-03-21 10:59:01,BUY,Down,0.09546580880754685,114.8006,10.959532130591663,"Bitcoin Up or Down - March 21, 6:55AM-7:00AM ET"
1774090803,2026-03-21 11:00:03,,,0.0,1000.0,0.0,"Bitcoin Up or Down - March 21, 6:50AM-6:55AM ET"
1774090951,2026-03-21 11:02:31,BUY,Up,0.5153764581124072,129.96109,66.97888625662779,"Bitcoin Up or Down - March 21, 7:00AM-7:05AM ET"
1774091015,2026-03-21 11:03:35,,,0.5,1000.0,500.0,"Bitcoin Up or Down - March 21, 7:05AM-7:10AM ET"
1774091103,2026-03-21 11:05:03,,,0.0,1000.0,0.0,"Bitcoin Up or Down - March 21, 6:55AM-7:00AM ET"
1774091255,2026-03-21 11:07:35,SELL,Up,0.43,96.88,41.6584,"Bitcoin Up or Down - March 21, 7:05AM-7:10AM ET"
1774091299,2026-03-21 11:08:19,BUY,Down,0.6199999977180713,86.42893000000001,53.58593640277535,"Bitcoin Up or Down - March 21, 7:05AM-7:10AM ET"
1774091315,2026-03-21 11:08:35,,,0.5,1000.0,500.0,"Bitcoin Up or Down - March 21, 7:10AM-7:15AM ET"
1774091421,2026-03-21 11:10:21,,,0.0,1129.96109,0.0,"Bitcoin Up or Down - March 21, 7:00AM-7:05AM ET"
