timestamp,time_utc,side,outcome,price,size,usdc,market
1774116681,2026-03-21 18:11:21,BUY,Down,0.72,15.0,10.799999999999999,"Bitcoin Up or Down - March 21, 2:10PM-2:15PM ET"
1774116681,2026-03-21 18:11:21,BUY,Down,0.72,5.0,3.5999999999999996,"Bitcoin Up or Down - March 21, 2:10PM-2:15PM ET"
1774116681,2026-03-21 18:11:21,BUY,Down,0.7200001724846704,3.47857,2.504571,"Bitcoin Up or Down - March 21, 2:10PM-2:15PM ET"
1774116681,2026-03-21 18:11:21,BUY,Down,0.7200000212178987,30.163213,21.717513999999998,"Ethereum Up or Down - March 21, 2:10PM-2:15PM ET"
1774116681,2026-03-21 18:11:21,BUY,Down,0.6900000634104078,10.408386,7.181787000000001,"Bitcoin Up or Down - March 21, 2:10PM-2:15PM ET"
1774116681,2026-03-21 18:11:21,BUY,Down,0.7,22.72,15.903999999999998,"Bitcoin Up or Down - March 21, 2:10PM-2:15PM ET"
1774116681,2026-03-21 18:11:21,BUY,Down,0.7,3.6,2.52,"Bitcoin Up or Down - March 21, 2:10PM-2:15PM ET"
1774116681,2026-03-21 18:11:21,BUY,Down,0.7,2.04,1.428,"Bitcoin Up or Down - March 21, 2:10PM-2:15PM ET"
1774116681,2026-03-21 18:11:21,BUY,Down,0.68,6.52,4.4336,"Bitcoin Up or Down - March 21, 2:10PM-2:15PM ET"
1774116681,2026-03-21 18:11:21,BUY,Down,0.68,2.9875,2.0315,"Bitcoin Up or Down - March 21, 2:10PM-2:15PM ET"
1774116681,2026-03-21 18:11:21,BUY,Down,0.7,15.0,10.5,"Bitcoin Up or Down - March 21, 2:10PM-2:15PM ET"
1774116683,2026-03-21 18:11:23,BUY,Down,0.74,69.35219,51.32062059999999,"Bitcoin Up or Down - March 21, 2:10PM-2:15PM ET"
1774116683,2026-03-21 18:11:23,BUY,Down,0.73,19.64,14.3372,"Bitcoin Up or Down - March 21, 2:10PM-2:15PM ET"
1774116683,2026-03-21 18:11:23,BUY,Down,0.73,2.34,1.7082,"Bitcoin Up or Down - March 21, 2:10PM-2:15PM ET"
1774116683,2026-03-21 18:11:23,BUY,Down,0.73,5.0,3.65,"Bitcoin Up or Down - March 21, 2:10PM-2:15PM ET"
1774116683,2026-03-21 18:11:23,BUY,Down,0.7300000814773987,8.714073,6.361274000000001,"Bitcoin Up or Down - March 21, 2:10PM-2:15PM ET"
1774116685,2026-03-21 18:11:25,BUY,Down,0.78,50.0,39.0,"Ethereum Up or Down - March 21, 2:10PM-2:15PM ET"
1774116685,2026-03-21 18:11:25,BUY,Down,0.72,70.0,50.4,"Bitcoin Up or Down - March 21, 2:10PM-2:15PM ET"
1774116691,2026-03-21 18:11:31,BUY,Down,0.76,61.63,46.8388,"Bitcoin Up or Down - March 21, 2:10PM-2:15PM ET"
1774116691,2026-03-21 18:11:31,BUY,Down,0.76,10.0,7.6,"Bitcoin Up or Down - March 21, 2:10PM-2:15PM ET"
1774116691,2026-03-21 18:11:31,BUY,Down,0.76,8.62,6.5512,"Bitcoin Up or Down - March 21, 2:10PM-2:15PM ET"
1774116691,2026-03-21 18:11:31,BUY,Down,0.76,5.0,3.8,"Bitcoin Up or Down - March 21, 2:10PM-2:15PM ET"
1774116691,2026-03-21 18:11:31,BUY,Up,0.15,50.0,7.5,"Ethereum Up or Down - March 21, 2:10PM-2:15PM ET"
1774116691,2026-03-21 18:11:31,BUY,Down,0.76,8.37,6.361199999999999,"Bitcoin Up or Down - March 21, 2:10PM-2:15PM ET"
1774116691,2026-03-21 18:11:31,BUY,Down,0.76,43.91,33.3716,"Bitcoin Up or Down - March 21, 2:10PM-2:15PM ET"
1774116693,2026-03-21 18:11:33,BUY,Down,0.75,18.52,13.89,"Bitcoin Up or Down - March 21, 2:10PM-2:15PM ET"
1774116695,2026-03-21 18:11:35,BUY,Down,0.75,35.49,26.6175,"Ethereum Up or Down - March 21, 2:10PM-2:15PM ET"
1774116697,2026-03-21 18:11:37,BUY,Down,0.74,2.19,1.6206,"Ethereum Up or Down - March 21, 2:10PM-2:15PM ET"
1774116703,2026-03-21 18:11:43,BUY,Down,0.74,47.81,35.379400000000004,"Ethereum Up or Down - March 21, 2:10PM-2:15PM ET"
1774116707,2026-03-21 18:11:47,,,0.0,615.550271,0.0,"Bitcoin Up or Down - March 21, 2:10PM-2:15PM ET"
1774116709,2026-03-21 18:11:49,BUY,Down,0.68,7.90531,5.3756108000000005,"Bitcoin Up or Down - March 21, 2:10PM-2:15PM ET"
1774116709,2026-03-21 18:11:49,BUY,Up,0.27,20.66,5.578200000000001,"Bitcoin Up or Down - March 21, 2:10PM-2:15PM ET"
1774116709,2026-03-21 18:11:49,BUY,Up,0.27,8.0,2.16,"Bitcoin Up or Down - March 21, 2:10PM-2:15PM ET"
1774116711,2026-03-21 18:11:51,BUY,Down,0.69,20.42369,14.092346099999999,"Bitcoin Up or Down - March 21, 2:10PM-2:15PM ET"
1774116725,2026-03-21 18:12:05,BUY,Up,0.27,25.0,6.75,"Ethereum Up or Down - March 21, 2:10PM-2:15PM ET"
1774116725,2026-03-21 18:12:05,BUY,Up,0.27,5.0,1.35,"Ethereum Up or Down - March 21, 2:10PM-2:15PM ET"
1774116725,2026-03-21 18:12:05,BUY,Up,0.2700000307509201,7.479451,2.0194520000000002,"Ethereum Up or Down - March 21, 2:10PM-2:15PM ET"
1774116725,2026-03-21 18:12:05,BUY,Up,0.27,5.64,1.5228,"Ethereum Up or Down - March 21, 2:10PM-2:15PM ET"
1774116729,2026-03-21 18:12:09,BUY,Up,0.27,6.88,1.8576000000000001,"Ethereum Up or Down - March 21, 2:10PM-2:15PM ET"
1774116745,2026-03-21 18:12:25,BUY,Up,0.25,70.0,17.5,"Bitcoin Up or Down - March 21, 2:10PM-2:15PM ET"
1774116745,2026-03-21 18:12:25,BUY,Up,0.25,17.8418,4.46045,"Bitcoin Up or Down - March 21, 2:10PM-2:15PM ET"
1774116745,2026-03-21 18:12:25,BUY,Up,0.25,5.0,1.25,"Bitcoin Up or Down - March 21, 2:10PM-2:15PM ET"
1774116745,2026-03-21 18:12:25,BUY,Up,0.25,0.08,0.02,"Bitcoin Up or Down - March 21, 2:10PM-2:15PM ET"
1774116745,2026-03-21 18:12:25,BUY,Up,0.25,43.68,10.92,"Bitcoin Up or Down - March 21, 2:10PM-2:15PM ET"
1774116745,2026-03-21 18:12:25,BUY,Up,0.25,30.25176,7.56294,"Bitcoin Up or Down - March 21, 2:10PM-2:15PM ET"
1774116745,2026-03-21 18:12:25,BUY,Up,0.25,8.32,2.08,"Bitcoin Up or Down - March 21, 2:10PM-2:15PM ET"
1774116747,2026-03-21 18:12:27,BUY,Up,0.26,69.35219,18.0315694,"Bitcoin Up or Down - March 21, 2:10PM-2:15PM ET"
1774116747,2026-03-21 18:12:27,BUY,Up,0.26,69.35219,18.0315694,"Bitcoin Up or Down - March 21, 2:10PM-2:15PM ET"
1774116747,2026-03-21 18:12:27,BUY,Up,0.25,6.0,1.5,"Bitcoin Up or Down - March 21, 2:10PM-2:15PM ET"
1774116747,2026-03-21 18:12:27,BUY,Up,0.25,1.346664,0.336666,"Bitcoin Up or Down - March 21, 2:10PM-2:15PM ET"
1774116747,2026-03-21 18:12:27,BUY,Up,0.25,6.666664,1.666666,"Bitcoin Up or Down - March 21, 2:10PM-2:15PM ET"
1774116747,2026-03-21 18:12:27,BUY,Up,0.29,12.0,3.4799999999999995,"Ethereum Up or Down - March 21, 2:10PM-2:15PM ET"
1774116747,2026-03-21 18:12:27,BUY,Up,0.2900000197222278,9.126758,2.6467600000000004,"Ethereum Up or Down - March 21, 2:10PM-2:15PM ET"
1774116747,2026-03-21 18:12:27,BUY,Up,0.26,69.35219,18.0315694,"Bitcoin Up or Down - March 21, 2:10PM-2:15PM ET"
1774116747,2026-03-21 18:12:27,BUY,Up,0.29,22.55835,6.5419215,"Ethereum Up or Down - March 21, 2:10PM-2:15PM ET"
1774116747,2026-03-21 18:12:27,BUY,Up,0.28,19.67801,5.5098428,"Ethereum Up or Down - March 21, 2:10PM-2:15PM ET"
1774116749,2026-03-21 18:12:29,BUY,Up,0.29,1.4,0.40599999999999997,"Ethereum Up or Down - March 21, 2:10PM-2:15PM ET"
1774116749,2026-03-21 18:12:29,BUY,Up,0.29,4.67,1.3542999999999998,"Ethereum Up or Down - March 21, 2:10PM-2:15PM ET"
1774116751,2026-03-21 18:12:31,BUY,Up,0.25,20.38,5.095,"Bitcoin Up or Down - March 21, 2:10PM-2:15PM ET"
1774116753,2026-03-21 18:12:33,BUY,Up,0.37000004138811854,4.107459,1.5197600000000002,"Bitcoin Up or Down - March 21, 2:10PM-2:15PM ET"
1774116753,2026-03-21 18:12:33,BUY,Up,0.3700000819000303,3.174602,1.174603,"Bitcoin Up or Down - March 21, 2:10PM-2:15PM ET"
1774116755,2026-03-21 18:12:35,BUY,Up,0.37,3.96,1.4652,"Bitcoin Up or Down - March 21, 2:10PM-2:15PM ET"
1774116757,2026-03-21 18:12:37,BUY,Down,0.6,70.0,42.0,"Bitcoin Up or Down - March 21, 2:10PM-2:15PM ET"
1774116759,2026-03-21 18:12:39,BUY,Down,0.6,70.0,42.0,"Bitcoin Up or Down - March 21, 2:10PM-2:15PM ET"
1774116759,2026-03-21 18:12:39,BUY,Down,0.6,70.0,42.0,"Bitcoin Up or Down - March 21, 2:10PM-2:15PM ET"
1774116759,2026-03-21 18:12:39,BUY,Down,0.6,70.0,42.0,"Bitcoin Up or Down - March 21, 2:10PM-2:15PM ET"
1774116761,2026-03-21 18:12:41,BUY,Down,0.5900000305644334,13.741462,8.107463000000001,"Bitcoin Up or Down - March 21, 2:10PM-2:15PM ET"
1774116763,2026-03-21 18:12:43,BUY,Down,0.58,70.0,40.599999999999994,"Bitcoin Up or Down - March 21, 2:10PM-2:15PM ET"
1774116767,2026-03-21 18:12:47,BUY,Down,0.5600001936001084,2.272726,1.2727270000000002,"Bitcoin Up or Down - March 21, 2:10PM-2:15PM ET"
1774116767,2026-03-21 18:12:47,BUY,Down,0.5600002833725977,1.552726,0.8695270000000002,"Bitcoin Up or Down - March 21, 2:10PM-2:15PM ET"
1774116769,2026-03-21 18:12:49,BUY,Down,0.56,63.65,35.644000000000005,"Bitcoin Up or Down - March 21, 2:10PM-2:15PM ET"
1774116771,2026-03-21 18:12:51,BUY,Up,0.64,16.833599999999997,10.773503999999999,"Ethereum Up or Down - March 21, 2:10PM-2:15PM ET"
1774116833,2026-03-21 18:13:53,BUY,Up,0.47,15.16111,7.1257217,"Ethereum Up or Down - March 21, 2:10PM-2:15PM ET"
1774116837,2026-03-21 18:13:57,BUY,Up,0.47,50.0,23.5,"Ethereum Up or Down - March 21, 2:10PM-2:15PM ET"
1774116841,2026-03-21 18:14:01,BUY,Up,0.47,45.61,21.4367,"Ethereum Up or Down - March 21, 2:10PM-2:15PM ET"
1774116841,2026-03-21 18:14:01,BUY,Up,0.47000005934796674,4.380942,2.059043,"Ethereum Up or Down - March 21, 2:10PM-2:15PM ET"
1774116845,2026-03-21 18:14:05,BUY,Up,0.1,5.55555,0.555555,"Bitcoin Up or Down - March 21, 2:10PM-2:15PM ET"
1774116845,2026-03-21 18:14:05,BUY,Up,0.1,6.66,0.666,"Bitcoin Up or Down - March 21, 2:10PM-2:15PM ET"
1774116845,2026-03-21 18:14:05,BUY,Up,0.1,12.0,1.2000000000000002,"Bitcoin Up or Down - March 21, 2:10PM-2:15PM ET"
1774116845,2026-03-21 18:14:05,BUY,Up,0.1,1.11111,0.11111100000000002,"Bitcoin Up or Down - March 21, 2:10PM-2:15PM ET"
1774116845,2026-03-21 18:14:05,BUY,Up,0.1,11.11111,1.111111,"Bitcoin Up or Down - March 21, 2:10PM-2:15PM ET"
1774116845,2026-03-21 18:14:05,BUY,Up,0.1,9.04311,0.9043110000000001,"Bitcoin Up or Down - March 21, 2:10PM-2:15PM ET"
1774116845,2026-03-21 18:14:05,BUY,Up,0.1,2.17777,0.21777700000000003,"Bitcoin Up or Down - March 21, 2:10PM-2:15PM ET"
1774116847,2026-03-21 18:14:07,BUY,Up,0.1,1.8,0.18000000000000002,"Bitcoin Up or Down - March 21, 2:10PM-2:15PM ET"
1774116847,2026-03-21 18:14:07,BUY,Up,0.1,5.55555,0.555555,"Bitcoin Up or Down - March 21, 2:10PM-2:15PM ET"
1774116847,2026-03-21 18:14:07,BUY,Up,0.1,2.17777,0.21777700000000003,"Bitcoin Up or Down - March 21, 2:10PM-2:15PM ET"
1774116847,2026-03-21 18:14:07,BUY,Up,0.1,10.0,1.0,"Bitcoin Up or Down - March 21, 2:10PM-2:15PM ET"
1774116847,2026-03-21 18:14:07,BUY,Up,0.1,2.77,0.277,"Bitcoin Up or Down - March 21, 2:10PM-2:15PM ET"
1774116859,2026-03-21 18:14:19,BUY,Down,0.86,4.57,3.9302,"Bitcoin Up or Down - March 21, 2:10PM-2:15PM ET"
1774116861,2026-03-21 18:14:21,BUY,Down,0.8600000396121622,20.700713,17.802614000000002,"Bitcoin Up or Down - March 21, 2:10PM-2:15PM ET"
1774116863,2026-03-21 18:14:23,BUY,Down,0.86,44.7,38.442,"Bitcoin Up or Down - March 21, 2:10PM-2:15PM ET"
1774116865,2026-03-21 18:14:25,BUY,Up,0.59,7.37,4.3483,"Ethereum Up or Down - March 21, 2:10PM-2:15PM ET"
1774116865,2026-03-21 18:14:25,BUY,Up,0.59,5.0,2.9499999999999997,"Ethereum Up or Down - March 21, 2:10PM-2:15PM ET"
1774116865,2026-03-21 18:14:25,BUY,Up,0.5900001763001005,2.439023,1.439024,"Ethereum Up or Down - March 21, 2:10PM-2:15PM ET"
1774116869,2026-03-21 18:14:29,BUY,Up,0.6,4.928,2.9568,"Ethereum Up or Down - March 21, 2:10PM-2:15PM ET"
1774116871,2026-03-21 18:14:31,BUY,Up,0.62,10.4036,6.450232000000001,"Ethereum Up or Down - March 21, 2:10PM-2:15PM ET"
1774116871,2026-03-21 18:14:31,BUY,Up,0.64,50.0,32.0,"Ethereum Up or Down - March 21, 2:10PM-2:15PM ET"
1774116871,2026-03-21 18:14:31,BUY,Up,0.65,50.0,32.5,"Ethereum Up or Down - March 21, 2:10PM-2:15PM ET"
1774116871,2026-03-21 18:14:31,BUY,Down,0.32,20.61,6.5952,"Ethereum Up or Down - March 21, 2:10PM-2:15PM ET"
1774116877,2026-03-21 18:14:37,BUY,Down,0.27,6.0,1.62,"Ethereum Up or Down - March 21, 2:10PM-2:15PM ET"
1774116877,2026-03-21 18:14:37,BUY,Down,0.27,20.0,5.4,"Ethereum Up or Down - March 21, 2:10PM-2:15PM ET"
1774116877,2026-03-21 18:14:37,BUY,Down,0.270000032120005,6.849314,1.8493149999999998,"Ethereum Up or Down - March 21, 2:10PM-2:15PM ET"
1774116877,2026-03-21 18:14:37,BUY,Down,0.2700000304166781,3.28767,0.887671,"Ethereum Up or Down - March 21, 2:10PM-2:15PM ET"
1774116883,2026-03-21 18:14:43,BUY,Down,0.24,1.37,0.32880000000000004,"Ethereum Up or Down - March 21, 2:10PM-2:15PM ET"
1774116885,2026-03-21 18:14:45,,,0.0,527.487489,0.0,"Bitcoin Up or Down - March 21, 2:10PM-2:15PM ET"
1774116885,2026-03-21 18:14:45,BUY,Down,0.08,1.62,0.12960000000000002,"Ethereum Up or Down - March 21, 2:10PM-2:15PM ET"
1774116885,2026-03-21 18:14:45,BUY,Down,0.08,12.63,1.0104000000000002,"Ethereum Up or Down - March 21, 2:10PM-2:15PM ET"
1774116885,2026-03-21 18:14:45,BUY,Up,0.77,50.0,38.5,"Ethereum Up or Down - March 21, 2:10PM-2:15PM ET"
1774116885,2026-03-21 18:14:45,BUY,Down,0.16,49.77421,7.963873599999999,"Ethereum Up or Down - March 21, 2:10PM-2:15PM ET"
1774116887,2026-03-21 18:14:47,BUY,Down,0.08,35.75,2.86,"Ethereum Up or Down - March 21, 2:10PM-2:15PM ET"
1774116891,2026-03-21 18:14:51,BUY,Down,0.07,5.0,0.35000000000000003,"Ethereum Up or Down - March 21, 2:10PM-2:15PM ET"
1774116891,2026-03-21 18:14:51,BUY,Down,0.07000000563637385,5.322571,0.37257999999999997,"Ethereum Up or Down - March 21, 2:10PM-2:15PM ET"
1774116891,2026-03-21 18:14:51,BUY,Down,0.07000000398571997,7.526871,0.526881,"Ethereum Up or Down - March 21, 2:10PM-2:15PM ET"
1774116891,2026-03-21 18:14:51,BUY,Down,0.07000000465000138,10.752685,0.752688,"Ethereum Up or Down - March 21, 2:10PM-2:15PM ET"
1774116893,2026-03-21 18:14:53,BUY,Down,0.060000037600487305,1.063816,0.06382900000000001,"Ethereum Up or Down - March 21, 2:10PM-2:15PM ET"
1774116893,2026-03-21 18:14:53,BUY,Down,0.06,39.0,2.34,"Ethereum Up or Down - March 21, 2:10PM-2:15PM ET"
1774116893,2026-03-21 18:14:53,BUY,Down,0.06,4.91,0.2946,"Ethereum Up or Down - March 21, 2:10PM-2:15PM ET"
1774116893,2026-03-21 18:14:53,BUY,Up,0.92,17.25,15.870000000000001,"Ethereum Up or Down - March 21, 2:10PM-2:15PM ET"
1774116895,2026-03-21 18:14:55,BUY,Down,0.05,6.06,0.303,"Ethereum Up or Down - March 21, 2:10PM-2:15PM ET"
1774116895,2026-03-21 18:14:55,BUY,Down,0.05,30.0,1.5,"Ethereum Up or Down - March 21, 2:10PM-2:15PM ET"
1774116895,2026-03-21 18:14:55,BUY,Down,0.05,10.10526,0.505263,"Ethereum Up or Down - March 21, 2:10PM-2:15PM ET"
1774116895,2026-03-21 18:14:55,BUY,Down,0.05,3.82368,0.19118400000000002,"Ethereum Up or Down - March 21, 2:10PM-2:15PM ET"
1774116897,2026-03-21 18:14:57,BUY,Up,0.99,69.99829,69.2983071,"Bitcoin Up or Down - March 21, 2:10PM-2:15PM ET"
1774116899,2026-03-21 18:14:59,BUY,Down,0.04,3.37,0.1348,"Ethereum Up or Down - March 21, 2:10PM-2:15PM ET"
1774116899,2026-03-21 18:14:59,BUY,Up,0.99,69.99829,69.2983071,"Bitcoin Up or Down - March 21, 2:10PM-2:15PM ET"
1774116899,2026-03-21 18:14:59,BUY,Up,0.98576,69.99656,68.9998089856,"Bitcoin Up or Down - March 21, 2:10PM-2:15PM ET"
1774116899,2026-03-21 18:14:59,BUY,Up,0.9888128571428572,69.99786,69.21478394048572,"Bitcoin Up or Down - March 21, 2:10PM-2:15PM ET"
1774116899,2026-03-21 18:14:59,BUY,Up,0.99,69.99829,69.2983071,"Bitcoin Up or Down - March 21, 2:10PM-2:15PM ET"
1774116901,2026-03-21 18:15:01,BUY,Up,0.99,69.99829,69.2983071,"Bitcoin Up or Down - March 21, 2:10PM-2:15PM ET"
1774116901,2026-03-21 18:15:01,BUY,Up,0.96,70.0,67.2,"Bitcoin Up or Down - March 21, 2:10PM-2:15PM ET"
1774116901,2026-03-21 18:15:01,BUY,Up,0.97,3.88,3.7636,"Bitcoin Up or Down - March 21, 2:10PM-2:15PM ET"
1774116901,2026-03-21 18:15:01,BUY,Up,0.97,29.21,28.3337,"Bitcoin Up or Down - March 21, 2:10PM-2:15PM ET"
1774116901,2026-03-21 18:15:01,BUY,Down,0.04,46.63,1.8652000000000002,"Ethereum Up or Down - March 21, 2:10PM-2:15PM ET"
1774116901,2026-03-21 18:15:01,BUY,Up,0.97,0.58,0.5626,"Bitcoin Up or Down - March 21, 2:10PM-2:15PM ET"
1774116901,2026-03-21 18:15:01,BUY,Down,0.04,50.0,2.0,"Ethereum Up or Down - March 21, 2:10PM-2:15PM ET"
1774116909,2026-03-21 18:15:09,BUY,Up,0.47,57.95677,27.239681899999997,"Bitcoin Up or Down - March 21, 2:15PM-2:20PM ET"
1774116909,2026-03-21 18:15:09,BUY,Up,0.47,68.91412,32.38963639999999,"Bitcoin Up or Down - March 21, 2:15PM-2:20PM ET"
1774116911,2026-03-21 18:15:11,BUY,Down,0.54,6.0,3.24,"Bitcoin Up or Down - March 21, 2:15PM-2:20PM ET"
1774116915,2026-03-21 18:15:15,BUY,Down,0.5900001763001005,2.439023,1.439024,"Bitcoin Up or Down - March 21, 2:15PM-2:20PM ET"
1774116915,2026-03-21 18:15:15,,,0.0,503.747744,0.0,"Ethereum Up or Down - March 21, 2:10PM-2:15PM ET"
1774116915,2026-03-21 18:15:15,BUY,Down,0.5900001609013336,1.678047,0.9900480000000002,"Bitcoin Up or Down - March 21, 2:15PM-2:20PM ET"
1774116915,2026-03-21 18:15:15,BUY,Down,0.59,5.0,2.9499999999999997,"Bitcoin Up or Down - March 21, 2:15PM-2:20PM ET"
1774116915,2026-03-21 18:15:15,BUY,Down,0.59000000875995,58.219511,34.349512000000004,"Bitcoin Up or Down - March 21, 2:15PM-2:20PM ET"
1774116915,2026-03-21 18:15:15,BUY,Down,0.5900001763001005,2.439023,1.439024,"Bitcoin Up or Down - March 21, 2:15PM-2:20PM ET"
1774116917,2026-03-21 18:15:17,BUY,Down,0.59,0.22,0.1298,"Bitcoin Up or Down - March 21, 2:15PM-2:20PM ET"
1774116919,2026-03-21 18:15:19,BUY,Down,0.6,17.25786,10.354716,"Bitcoin Up or Down - March 21, 2:15PM-2:20PM ET"
1774116919,2026-03-21 18:15:19,BUY,Down,0.6,4.05,2.4299999999999997,"Bitcoin Up or Down - March 21, 2:15PM-2:20PM ET"
1774116921,2026-03-21 18:15:21,BUY,Up,0.45000003437500397,10.181817,4.581818,"Ethereum Up or Down - March 21, 2:15PM-2:20PM ET"
1774116923,2026-03-21 18:15:23,BUY,Up,0.39,70.0,27.3,"Bitcoin Up or Down - March 21, 2:15PM-2:20PM ET"
1774116925,2026-03-21 18:15:25,BUY,Up,0.38,17.41,6.6158,"Bitcoin Up or Down - March 21, 2:15PM-2:20PM ET"
1774116927,2026-03-21 18:15:27,BUY,Down,0.6,70.0,42.0,"Bitcoin Up or Down - March 21, 2:15PM-2:20PM ET"
1774116927,2026-03-21 18:15:27,BUY,Down,0.61,70.0,42.699999999999996,"Bitcoin Up or Down - March 21, 2:15PM-2:20PM ET"
1774116941,2026-03-21 18:15:41,BUY,Down,0.57,70.0,39.9,"Bitcoin Up or Down - March 21, 2:15PM-2:20PM ET"
1774116941,2026-03-21 18:15:41,BUY,Down,0.58,70.0,40.599999999999994,"Bitcoin Up or Down - March 21, 2:15PM-2:20PM ET"
1774116941,2026-03-21 18:15:41,BUY,Down,0.57,10.0,5.699999999999999,"Bitcoin Up or Down - March 21, 2:15PM-2:20PM ET"
1774116941,2026-03-21 18:15:41,BUY,Down,0.57,8.47,4.8279,"Bitcoin Up or Down - March 21, 2:15PM-2:20PM ET"
1774116941,2026-03-21 18:15:41,BUY,Down,0.5653308752183194,50.75211,28.69173476547642,"Bitcoin Up or Down - March 21, 2:15PM-2:20PM ET"
1774116941,2026-03-21 18:15:41,BUY,Down,0.56,5.0,2.8000000000000003,"Bitcoin Up or Down - March 21, 2:15PM-2:20PM ET"
1774116941,2026-03-21 18:15:41,BUY,Down,0.57,70.0,39.9,"Bitcoin Up or Down - March 21, 2:15PM-2:20PM ET"
1774116943,2026-03-21 18:15:43,BUY,Down,0.640000021405407,20.555554,13.155555,"Ethereum Up or Down - March 21, 2:15PM-2:20PM ET"
1774116943,2026-03-21 18:15:43,BUY,Up,0.35,8.16,2.856,"Bitcoin Up or Down - March 21, 2:15PM-2:20PM ET"
1774116943,2026-03-21 18:15:43,BUY,Up,0.35,50.0,17.5,"Bitcoin Up or Down - March 21, 2:15PM-2:20PM ET"
1774116943,2026-03-21 18:15:43,BUY,Up,0.35,5.0,1.75,"Bitcoin Up or Down - March 21, 2:15PM-2:20PM ET"
1774116943,2026-03-21 18:15:43,BUY,Up,0.3500001092437709,1.830768,0.6407689999999999,"Bitcoin Up or Down - March 21, 2:15PM-2:20PM ET"
1774116943,2026-03-21 18:15:43,BUY,Up,0.35,5.0,1.75,"Bitcoin Up or Down - March 21, 2:15PM-2:20PM ET"
1774116945,2026-03-21 18:15:45,BUY,Down,0.64,5.0,3.2,"Bitcoin Up or Down - March 21, 2:15PM-2:20PM ET"
1774116947,2026-03-21 18:15:47,BUY,Down,0.64,2.53,1.6192,"Bitcoin Up or Down - March 21, 2:15PM-2:20PM ET"
1774116949,2026-03-21 18:15:49,BUY,Down,0.6300000062478894,64.02162,40.333621,"Bitcoin Up or Down - March 21, 2:15PM-2:20PM ET"
1774116951,2026-03-21 18:15:51,BUY,Down,0.66,34.677879999999995,22.887400799999998,"Bitcoin Up or Down - March 21, 2:15PM-2:20PM ET"
1774116951,2026-03-21 18:15:51,BUY,Down,0.64,1.06,0.6784,"Bitcoin Up or Down - March 21, 2:15PM-2:20PM ET"
1774116951,2026-03-21 18:15:51,BUY,Down,0.65,5.90263,3.8367095000000004,"Bitcoin Up or Down - March 21, 2:15PM-2:20PM ET"
1774116973,2026-03-21 18:16:13,BUY,Up,0.34,49.37056,16.7859904,"Ethereum Up or Down - March 21, 2:15PM-2:20PM ET"
1774116997,2026-03-21 18:16:37,BUY,Down,0.68,8.94288,6.0811584000000005,"Ethereum Up or Down - March 21, 2:15PM-2:20PM ET"
1774117001,2026-03-21 18:16:41,BUY,Down,0.584272287097693,34.59214,20.21122875340359,"Ethereum Up or Down - March 21, 2:15PM-2:20PM ET"
1774117001,2026-03-21 18:16:41,BUY,Down,0.6,7.57,4.542,"Ethereum Up or Down - March 21, 2:15PM-2:20PM ET"
1774117001,2026-03-21 18:16:41,BUY,Down,0.6,42.43,25.458,"Ethereum Up or Down - March 21, 2:15PM-2:20PM ET"
1774117013,2026-03-21 18:16:53,BUY,Down,0.63,49.32081,31.072110300000002,"Ethereum Up or Down - March 21, 2:15PM-2:20PM ET"
1774117013,2026-03-21 18:16:53,BUY,Down,0.62,49.30616,30.569819199999998,"Ethereum Up or Down - March 21, 2:15PM-2:20PM ET"
1774117015,2026-03-21 18:16:55,BUY,Up,0.37,16.85786,6.237408199999999,"Bitcoin Up or Down - March 21, 2:15PM-2:20PM ET"
1774117017,2026-03-21 18:16:57,BUY,Up,0.51,70.0,35.7,"Bitcoin Up or Down - March 21, 2:15PM-2:20PM ET"
1774117017,2026-03-21 18:16:57,BUY,Up,0.53,20.67424,10.957347200000001,"Bitcoin Up or Down - March 21, 2:15PM-2:20PM ET"
1774117017,2026-03-21 18:16:57,BUY,Up,0.52,1.1,0.5720000000000001,"Bitcoin Up or Down - March 21, 2:15PM-2:20PM ET"
1774117017,2026-03-21 18:16:57,BUY,Up,0.52,23.6262,12.285624,"Bitcoin Up or Down - March 21, 2:15PM-2:20PM ET"
1774117019,2026-03-21 18:16:59,BUY,Down,0.42,41.2,17.304000000000002,"Bitcoin Up or Down - March 21, 2:15PM-2:20PM ET"
1774117019,2026-03-21 18:16:59,BUY,Up,0.52,5.0,2.6,"Bitcoin Up or Down - March 21, 2:15PM-2:20PM ET"
1774117019,2026-03-21 18:16:59,BUY,Up,0.52,19.133125,9.949225,"Bitcoin Up or Down - March 21, 2:15PM-2:20PM ET"
1774117019,2026-03-21 18:16:59,BUY,Up,0.53,31.91,16.912300000000002,"Bitcoin Up or Down - March 21, 2:15PM-2:20PM ET"
1774117019,2026-03-21 18:16:59,BUY,Down,0.4200000013890969,28.795688,12.094189,"Bitcoin Up or Down - March 21, 2:15PM-2:20PM ET"
1774117023,2026-03-21 18:17:03,BUY,Down,0.44,49.24109,21.6660796,"Ethereum Up or Down - March 21, 2:15PM-2:20PM ET"
1774117023,2026-03-21 18:17:03,BUY,Up,0.58,50.0,28.999999999999996,"Ethereum Up or Down - March 21, 2:15PM-2:20PM ET"
1774117023,2026-03-21 18:17:03,BUY,Up,0.57,6.52058,3.7167305999999996,"Ethereum Up or Down - March 21, 2:15PM-2:20PM ET"
1774117023,2026-03-21 18:17:03,BUY,Up,0.71,69.2581,49.17325099999999,"Bitcoin Up or Down - March 21, 2:15PM-2:20PM ET"
1774117025,2026-03-21 18:17:05,BUY,Up,0.77,1.22,0.9394,"Bitcoin Up or Down - March 21, 2:15PM-2:20PM ET"
1774117025,2026-03-21 18:17:05,BUY,Up,0.7898727325921592,67.88922,53.62384371495026,"Bitcoin Up or Down - March 21, 2:15PM-2:20PM ET"
1774117025,2026-03-21 18:17:05,BUY,Up,0.77,2.59,1.9943,"Bitcoin Up or Down - March 21, 2:15PM-2:20PM ET"
1774117025,2026-03-21 18:17:05,BUY,Up,0.770000121052674,4.95652,3.816521,"Bitcoin Up or Down - March 21, 2:15PM-2:20PM ET"
1774117025,2026-03-21 18:17:05,BUY,Up,0.77,6.0,4.62,"Bitcoin Up or Down - March 21, 2:15PM-2:20PM ET"
1774117025,2026-03-21 18:17:05,BUY,Up,0.77,5.0,3.85,"Bitcoin Up or Down - March 21, 2:15PM-2:20PM ET"
1774117025,2026-03-21 18:17:05,BUY,Up,0.71,69.2581,49.17325099999999,"Bitcoin Up or Down - March 21, 2:15PM-2:20PM ET"
1774117025,2026-03-21 18:17:05,BUY,Up,0.7800002711434634,2.139089,1.6684899999999998,"Bitcoin Up or Down - March 21, 2:15PM-2:20PM ET"
1774117025,2026-03-21 18:17:05,BUY,Up,0.77,2.21,1.7017,"Bitcoin Up or Down - March 21, 2:15PM-2:20PM ET"
1774117025,2026-03-21 18:17:05,BUY,Up,0.77,1.79,1.3783,"Bitcoin Up or Down - March 21, 2:15PM-2:20PM ET"
1774117025,2026-03-21 18:17:05,BUY,Up,0.7700001725000432,4.347825,3.3478260000000004,"Bitcoin Up or Down - March 21, 2:15PM-2:20PM ET"
1774117027,2026-03-21 18:17:07,BUY,Up,0.76833,69.44554,53.35709174819999,"Bitcoin Up or Down - March 21, 2:15PM-2:20PM ET"
1774117027,2026-03-21 18:17:07,BUY,Up,0.75,3.99,2.9925,"Bitcoin Up or Down - March 21, 2:15PM-2:20PM ET"
1774117027,2026-03-21 18:17:07,BUY,Up,0.78,35.99,28.072200000000002,"Bitcoin Up or Down - March 21, 2:15PM-2:20PM ET"
1774117027,2026-03-21 18:17:07,BUY,Up,0.77,5.0,3.85,"Bitcoin Up or Down - March 21, 2:15PM-2:20PM ET"
1774117027,2026-03-21 18:17:07,BUY,Up,0.770000030820002,21.739129,16.73913,"Bitcoin Up or Down - March 21, 2:15PM-2:20PM ET"
1774117027,2026-03-21 18:17:07,BUY,Up,0.78,11.37,8.868599999999999,"Bitcoin Up or Down - March 21, 2:15PM-2:20PM ET"
1774117027,2026-03-21 18:17:07,BUY,Up,0.78000065451175,0.947271,0.738872,"Bitcoin Up or Down - March 21, 2:15PM-2:20PM ET"
1774117027,2026-03-21 18:17:07,BUY,Down,0.23,16.956,3.89988,"Bitcoin Up or Down - March 21, 2:15PM-2:20PM ET"
1774117027,2026-03-21 18:17:07,BUY,Up,0.7800000364571472,15.909089,12.409089999999999,"Bitcoin Up or Down - March 21, 2:15PM-2:20PM ET"
1774117027,2026-03-21 18:17:07,BUY,Down,0.23000000852848226,8.207791,1.8877920000000001,"Bitcoin Up or Down - March 21, 2:15PM-2:20PM ET"
1774117027,2026-03-21 18:17:07,BUY,Up,0.78,3.64,2.8392000000000004,"Bitcoin Up or Down - March 21, 2:15PM-2:20PM ET"
1774117027,2026-03-21 18:17:07,BUY,Down,0.23,5.95,1.3685,"Bitcoin Up or Down - March 21, 2:15PM-2:20PM ET"
1774117029,2026-03-21 18:17:09,BUY,Up,0.71,1.04,0.7384,"Bitcoin Up or Down - March 21, 2:15PM-2:20PM ET"
1774117029,2026-03-21 18:17:09,BUY,Up,0.77,4.19,3.2263,"Bitcoin Up or Down - March 21, 2:15PM-2:20PM ET"
1774117029,2026-03-21 18:17:09,BUY,Up,0.77,10.95,8.4315,"Bitcoin Up or Down - March 21, 2:15PM-2:20PM ET"
1774117029,2026-03-21 18:17:09,BUY,Up,0.7100000858296095,7.689654,5.459655,"Bitcoin Up or Down - March 21, 2:15PM-2:20PM ET"
1774117029,2026-03-21 18:17:09,BUY,Up,0.7100001334000721,3.448274,2.448275,"Bitcoin Up or Down - March 21, 2:15PM-2:20PM ET"
1774117031,2026-03-21 18:17:11,BUY,Up,0.71,36.01,25.567099999999996,"Bitcoin Up or Down - March 21, 2:15PM-2:20PM ET"
1774117031,2026-03-21 18:17:11,BUY,Up,0.8,27.66183,22.129464,"Ethereum Up or Down - March 21, 2:15PM-2:20PM ET"
1774117033,2026-03-21 18:17:13,BUY,Up,0.71,33.99,24.1329,"Bitcoin Up or Down - March 21, 2:15PM-2:20PM ET"
1774117035,2026-03-21 18:17:15,BUY,Up,0.6200000988000731,2.631577,1.631578,"Bitcoin Up or Down - March 21, 2:15PM-2:20PM ET"
1774117037,2026-03-21 18:17:17,BUY,Up,0.63,17.77522,11.198388600000001,"Bitcoin Up or Down - March 21, 2:15PM-2:20PM ET"
1774117037,2026-03-21 18:17:17,BUY,Up,0.69,10.0,6.8999999999999995,"Bitcoin Up or Down - March 21, 2:15PM-2:20PM ET"
1774117037,2026-03-21 18:17:17,BUY,Up,0.69,6.74,4.6506,"Bitcoin Up or Down - March 21, 2:15PM-2:20PM ET"
1774117037,2026-03-21 18:17:17,BUY,Up,0.62,57.92,35.9104,"Bitcoin Up or Down - March 21, 2:15PM-2:20PM ET"
1774117037,2026-03-21 18:17:17,BUY,Up,0.62,9.44,5.852799999999999,"Bitcoin Up or Down - March 21, 2:15PM-2:20PM ET"
1774117039,2026-03-21 18:17:19,BUY,Down,0.23000004832637702,3.103895,0.713896,"Ethereum Up or Down - March 21, 2:15PM-2:20PM ET"
1774117041,2026-03-21 18:17:21,BUY,Down,0.29,2.0,0.58,"Ethereum Up or Down - March 21, 2:15PM-2:20PM ET"
1774117047,2026-03-21 18:17:27,BUY,Up,0.69,1.24,0.8555999999999999,"Ethereum Up or Down - March 21, 2:15PM-2:20PM ET"
1774117057,2026-03-21 18:17:37,BUY,Down,0.35,69.09427,24.182994499999996,"Bitcoin Up or Down - March 21, 2:15PM-2:20PM ET"
1774117057,2026-03-21 18:17:37,,,0.0,735.827183,0.0,"Bitcoin Up or Down - March 21, 2:15PM-2:20PM ET"
1774117057,2026-03-21 18:17:37,BUY,Down,0.37,0.31,0.1147,"Bitcoin Up or Down - March 21, 2:15PM-2:20PM ET"
1774117057,2026-03-21 18:17:37,BUY,Down,0.36,0.02,0.0072,"Bitcoin Up or Down - March 21, 2:15PM-2:20PM ET"
1774117057,2026-03-21 18:17:37,BUY,Down,0.36,0.22,0.07919999999999999,"Bitcoin Up or Down - March 21, 2:15PM-2:20PM ET"
1774117057,2026-03-21 18:17:37,BUY,Down,0.36,1.5625,0.5625,"Bitcoin Up or Down - March 21, 2:15PM-2:20PM ET"
1774117057,2026-03-21 18:17:37,BUY,Down,0.36,29.4,10.584,"Bitcoin Up or Down - March 21, 2:15PM-2:20PM ET"
1774117057,2026-03-21 18:17:37,BUY,Down,0.36,8.0,2.88,"Bitcoin Up or Down - March 21, 2:15PM-2:20PM ET"
1774117057,2026-03-21 18:17:37,BUY,Down,0.36,1.5625,0.5625,"Bitcoin Up or Down - March 21, 2:15PM-2:20PM ET"
1774117057,2026-03-21 18:17:37,BUY,Down,0.3600000627760183,0.637186,0.229387,"Bitcoin Up or Down - March 21, 2:15PM-2:20PM ET"
1774117059,2026-03-21 18:17:39,BUY,Down,0.24,4.95842,1.1900208,"Ethereum Up or Down - March 21, 2:15PM-2:20PM ET"
1774117059,2026-03-21 18:17:39,BUY,Down,0.36,0.01,0.0036,"Bitcoin Up or Down - March 21, 2:15PM-2:20PM ET"
1774117059,2026-03-21 18:17:39,BUY,Down,0.47,0.09,0.0423,"Bitcoin Up or Down - March 21, 2:15PM-2:20PM ET"
1774117059,2026-03-21 18:17:39,BUY,Down,0.4700000390526424,5.377357,2.527358,"Bitcoin Up or Down - March 21, 2:15PM-2:20PM ET"
1774117059,2026-03-21 18:17:39,BUY,Down,0.47,5.0,2.3499999999999996,"Bitcoin Up or Down - March 21, 2:15PM-2:20PM ET"
1774117059,2026-03-21 18:17:39,BUY,Down,0.47,0.32,0.1504,"Bitcoin Up or Down - March 21, 2:15PM-2:20PM ET"
1774117059,2026-03-21 18:17:39,BUY,Down,0.38000014880011307,1.612902,0.612903,"Bitcoin Up or Down - March 21, 2:15PM-2:20PM ET"
1774117059,2026-03-21 18:17:39,BUY,Down,0.38,0.33,0.1254,"Bitcoin Up or Down - March 21, 2:15PM-2:20PM ET"
1774117059,2026-03-21 18:17:39,BUY,Down,0.4700001219000939,1.886791,0.8867920000000001,"Bitcoin Up or Down - March 21, 2:15PM-2:20PM ET"
1774117059,2026-03-21 18:17:39,BUY,Down,0.46,41.07645,18.895167,"Bitcoin Up or Down - March 21, 2:15PM-2:20PM ET"
1774117059,2026-03-21 18:17:39,BUY,Down,0.37,0.07,0.025900000000000003,"Bitcoin Up or Down - March 21, 2:15PM-2:20PM ET"
1774117059,2026-03-21 18:17:39,BUY,Down,0.38,0.04,0.0152,"Bitcoin Up or Down - March 21, 2:15PM-2:20PM ET"
1774117059,2026-03-21 18:17:39,BUY,Down,0.23,26.06,5.9938,"Ethereum Up or Down - March 21, 2:15PM-2:20PM ET"
1774117059,2026-03-21 18:17:39,BUY,Down,0.38,5.0,1.9,"Bitcoin Up or Down - March 21, 2:15PM-2:20PM ET"
1774117059,2026-03-21 18:17:39,BUY,Down,0.37,0.03,0.011099999999999999,"Bitcoin Up or Down - March 21, 2:15PM-2:20PM ET"
1774117061,2026-03-21 18:17:41,BUY,Down,0.49,70.0,34.3,"Bitcoin Up or Down - March 21, 2:15PM-2:20PM ET"
1774117061,2026-03-21 18:17:41,BUY,Down,0.47,0.32,0.1504,"Bitcoin Up or Down - March 21, 2:15PM-2:20PM ET"
1774117061,2026-03-21 18:17:41,BUY,Down,0.5,16.42,8.21,"Bitcoin Up or Down - March 21, 2:15PM-2:20PM ET"
1774117061,2026-03-21 18:17:41,BUY,Down,0.47,2.1855700000000002,1.0272179000000001,"Bitcoin Up or Down - March 21, 2:15PM-2:20PM ET"
1774117061,2026-03-21 18:17:41,BUY,Down,0.4700001219000939,1.886791,0.8867920000000001,"Bitcoin Up or Down - March 21, 2:15PM-2:20PM ET"
1774117061,2026-03-21 18:17:41,BUY,Down,0.47,1.43,0.6720999999999999,"Bitcoin Up or Down - March 21, 2:15PM-2:20PM ET"
1774117061,2026-03-21 18:17:41,BUY,Down,0.4700001219000939,1.886791,0.8867920000000001,"Bitcoin Up or Down - March 21, 2:15PM-2:20PM ET"
1774117061,2026-03-21 18:17:41,BUY,Down,0.4700001219000939,1.886791,0.8867920000000001,"Bitcoin Up or Down - March 21, 2:15PM-2:20PM ET"
1774117065,2026-03-21 18:17:45,BUY,Up,0.45000003666667643,5.454544,2.454545,"Bitcoin Up or Down - March 21, 2:15PM-2:20PM ET"
1774117065,2026-03-21 18:17:45,BUY,Up,0.45,3.4,1.53,"Bitcoin Up or Down - March 21, 2:15PM-2:20PM ET"
1774117065,2026-03-21 18:17:45,BUY,Up,0.45000004400000526,9.090908,4.090909,"Bitcoin Up or Down - March 21, 2:15PM-2:20PM ET"
1774117065,2026-03-21 18:17:45,BUY,Up,0.4430257186081694,39.056309999999996,17.30294980393343,"Bitcoin Up or Down - March 21, 2:15PM-2:20PM ET"
1774117067,2026-03-21 18:17:47,BUY,Down,0.36,5.72303,2.0602907999999998,"Ethereum Up or Down - March 21, 2:15PM-2:20PM ET"
1774117069,2026-03-21 18:17:49,BUY,Down,0.55,2.56,1.4080000000000001,"Bitcoin Up or Down - March 21, 2:15PM-2:20PM ET"
1774117071,2026-03-21 18:17:51,BUY,Down,0.5500002025001114,2.222221,1.222222,"Bitcoin Up or Down - March 21, 2:15PM-2:20PM ET"
1774117071,2026-03-21 18:17:51,BUY,Down,0.55,44.0,24.200000000000003,"Bitcoin Up or Down - March 21, 2:15PM-2:20PM ET"
1774117071,2026-03-21 18:17:51,BUY,Down,0.55,4.75,2.6125000000000003,"Bitcoin Up or Down - March 21, 2:15PM-2:20PM ET"
1774117071,2026-03-21 18:17:51,BUY,Down,0.41,28.447670000000002,11.663544700000001,"Ethereum Up or Down - March 21, 2:15PM-2:20PM ET"
1774117071,2026-03-21 18:17:51,BUY,Down,0.55,14.23,7.826500000000001,"Bitcoin Up or Down - March 21, 2:15PM-2:20PM ET"
1774117071,2026-03-21 18:17:51,BUY,Down,0.5500002025001114,2.222221,1.222222,"Bitcoin Up or Down - March 21, 2:15PM-2:20PM ET"
1774117075,2026-03-21 18:17:55,BUY,Down,0.6438446751249519,25.668090000000003,16.526263067128028,"Bitcoin Up or Down - March 21, 2:15PM-2:20PM ET"
1774117075,2026-03-21 18:17:55,BUY,Down,0.65,9.02,5.8629999999999995,"Bitcoin Up or Down - March 21, 2:15PM-2:20PM ET"
1774117075,2026-03-21 18:17:55,BUY,Down,0.5,10.1686,5.0843,"Ethereum Up or Down - March 21, 2:15PM-2:20PM ET"
1774117075,2026-03-21 18:17:55,BUY,Down,0.5,49.21875,24.609375,"Ethereum Up or Down - March 21, 2:15PM-2:20PM ET"
1774117075,2026-03-21 18:17:55,BUY,Down,0.65,43.99,28.593500000000002,"Bitcoin Up or Down - March 21, 2:15PM-2:20PM ET"
1774117075,2026-03-21 18:17:55,BUY,Down,0.580181480422978,68.94208,39.99891803783939,"Bitcoin Up or Down - March 21, 2:15PM-2:20PM ET"
1774117077,2026-03-21 18:17:57,BUY,Down,0.6500000100961542,44.571427,28.971428,"Bitcoin Up or Down - March 21, 2:15PM-2:20PM ET"
1774117077,2026-03-21 18:17:57,BUY,Down,0.65,16.4,10.66,"Bitcoin Up or Down - March 21, 2:15PM-2:20PM ET"
1774117077,2026-03-21 18:17:57,BUY,Down,0.64,70.0,44.800000000000004,"Bitcoin Up or Down - March 21, 2:15PM-2:20PM ET"
1774117077,2026-03-21 18:17:57,BUY,Down,0.66,14.86054,9.8079564,"Bitcoin Up or Down - March 21, 2:15PM-2:20PM ET"
1774117077,2026-03-21 18:17:57,BUY,Up,0.35,69.09427,24.182994499999996,"Bitcoin Up or Down - March 21, 2:15PM-2:20PM ET"
1774117079,2026-03-21 18:17:59,BUY,Down,0.64,70.0,44.800000000000004,"Bitcoin Up or Down - March 21, 2:15PM-2:20PM ET"
1774117081,2026-03-21 18:18:01,BUY,Down,0.6300000229400009,27.027026,17.027027,"Bitcoin Up or Down - March 21, 2:15PM-2:20PM ET"
1774117081,2026-03-21 18:18:01,BUY,Down,0.63,1.59,1.0017,"Bitcoin Up or Down - March 21, 2:15PM-2:20PM ET"
1774117081,2026-03-21 18:18:01,BUY,Down,0.6300000301160547,20.587026,12.969827,"Bitcoin Up or Down - March 21, 2:15PM-2:20PM ET"
1774117081,2026-03-21 18:18:01,BUY,Down,0.63,18.08,11.3904,"Bitcoin Up or Down - March 21, 2:15PM-2:20PM ET"
1774117081,2026-03-21 18:18:01,BUY,Down,0.6300001369000863,2.702701,1.702702,"Bitcoin Up or Down - March 21, 2:15PM-2:20PM ET"
1774117083,2026-03-21 18:18:03,BUY,Down,0.6438194032799842,49.94466,32.1553411982217,"Bitcoin Up or Down - March 21, 2:15PM-2:20PM ET"
1774117099,2026-03-21 18:18:19,BUY,Up,0.2800000553846324,3.61111,1.0111109999999999,"Ethereum Up or Down - March 21, 2:15PM-2:20PM ET"
1774117099,2026-03-21 18:18:19,BUY,Up,0.2800000170741556,11.71361,3.2798109999999996,"Ethereum Up or Down - March 21, 2:15PM-2:20PM ET"
1774117103,2026-03-21 18:18:23,BUY,Up,0.36,33.21875,11.95875,"Ethereum Up or Down - March 21, 2:15PM-2:20PM ET"
1774117103,2026-03-21 18:18:23,BUY,Up,0.36,16.78,6.0408,"Ethereum Up or Down - March 21, 2:15PM-2:20PM ET"
1774117113,2026-03-21 18:18:33,BUY,Up,0.34,50.0,17.0,"Ethereum Up or Down - March 21, 2:15PM-2:20PM ET"
1774117113,2026-03-21 18:18:33,BUY,Down,0.66,49.37056,32.5845696,"Ethereum Up or Down - March 21, 2:15PM-2:20PM ET"
1774117113,2026-03-21 18:18:33,BUY,Up,0.3,9.88975,2.966925,"Ethereum Up or Down - March 21, 2:15PM-2:20PM ET"
1774117113,2026-03-21 18:18:33,BUY,Up,0.29,9.89402,2.8692657999999995,"Ethereum Up or Down - March 21, 2:15PM-2:20PM ET"
1774117117,2026-03-21 18:18:37,BUY,Down,0.55,12.8,7.040000000000001,"Ethereum Up or Down - March 21, 2:15PM-2:20PM ET"
1774117117,2026-03-21 18:18:37,BUY,Down,0.55,0.6,0.33,"Ethereum Up or Down - March 21, 2:15PM-2:20PM ET"
1774117127,2026-03-21 18:18:47,BUY,Down,0.482,49.22078,23.724415959999998,"Ethereum Up or Down - March 21, 2:15PM-2:20PM ET"
1774117129,2026-03-21 18:18:49,BUY,Down,0.49,21.57778,10.5731122,"Ethereum Up or Down - March 21, 2:15PM-2:20PM ET"
1774117145,2026-03-21 18:19:05,BUY,Up,0.3000000153508836,6.514283,1.954285,"Bitcoin Up or Down - March 21, 2:15PM-2:20PM ET"
1774117145,2026-03-21 18:19:05,BUY,Up,0.3,69.22825,20.768475,"Bitcoin Up or Down - March 21, 2:15PM-2:20PM ET"
1774117145,2026-03-21 18:19:05,BUY,Up,0.3,54.45297,16.335891,"Bitcoin Up or Down - March 21, 2:15PM-2:20PM ET"
1774117145,2026-03-21 18:19:05,BUY,Up,0.3,69.22825,20.768475,"Bitcoin Up or Down - March 21, 2:15PM-2:20PM ET"
1774117145,2026-03-21 18:19:05,BUY,Up,0.27,54.52526,14.721820200000002,"Bitcoin Up or Down - March 21, 2:15PM-2:20PM ET"
1774117147,2026-03-21 18:19:07,BUY,Down,0.65,46.64,30.316000000000003,"Bitcoin Up or Down - March 21, 2:15PM-2:20PM ET"
1774117147,2026-03-21 18:19:07,BUY,Down,0.66,69.11879,45.6184014,"Bitcoin Up or Down - March 21, 2:15PM-2:20PM ET"
1774117147,2026-03-21 18:19:07,BUY,Down,0.66,0.51,0.3366,"Bitcoin Up or Down - March 21, 2:15PM-2:20PM ET"
1774117147,2026-03-21 18:19:07,BUY,Down,0.67,69.14451,46.3268217,"Bitcoin Up or Down - March 21, 2:15PM-2:20PM ET"
1774117147,2026-03-21 18:19:07,BUY,Down,0.66,69.49,45.8634,"Bitcoin Up or Down - March 21, 2:15PM-2:20PM ET"
1774117167,2026-03-21 18:19:27,BUY,Up,0.68,12.75,8.67,"Ethereum Up or Down - March 21, 2:15PM-2:20PM ET"
1774117173,2026-03-21 18:19:33,BUY,Down,0.29,0.10884,0.0315636,"Ethereum Up or Down - March 21, 2:15PM-2:20PM ET"
1774117173,2026-03-21 18:19:33,BUY,Down,0.29,12.64,3.6656,"Ethereum Up or Down - March 21, 2:15PM-2:20PM ET"
1774117175,2026-03-21 18:19:35,,,0.0,723.305553,0.0,"Bitcoin Up or Down - March 21, 2:15PM-2:20PM ET"
1774117185,2026-03-21 18:19:45,BUY,Up,0.8,4.968,3.9744,"Ethereum Up or Down - March 21, 2:15PM-2:20PM ET"
1774117191,2026-03-21 18:19:51,BUY,Up,0.88,2.52,2.2176,"Bitcoin Up or Down - March 21, 2:15PM-2:20PM ET"
1774117191,2026-03-21 18:19:51,BUY,Up,0.87,3.95731,3.4428597,"Bitcoin Up or Down - March 21, 2:15PM-2:20PM ET"
1774117191,2026-03-21 18:19:51,BUY,Up,0.9,69.85825,62.872425,"Bitcoin Up or Down - March 21, 2:15PM-2:20PM ET"
1774117191,2026-03-21 18:19:51,BUY,Up,0.9,69.85825,62.872425,"Bitcoin Up or Down - March 21, 2:15PM-2:20PM ET"
1774117193,2026-03-21 18:19:53,BUY,Up,0.9,69.85825,62.872425,"Bitcoin Up or Down - March 21, 2:15PM-2:20PM ET"
1774117193,2026-03-21 18:19:53,BUY,Up,0.95,8.49,8.0655,"Ethereum Up or Down - March 21, 2:15PM-2:20PM ET"
1774117193,2026-03-21 18:19:53,BUY,Up,0.92,14.375,13.225000000000001,"Bitcoin Up or Down - March 21, 2:15PM-2:20PM ET"
1774117193,2026-03-21 18:19:53,BUY,Up,0.92,43.58091,40.0944372,"Bitcoin Up or Down - March 21, 2:15PM-2:20PM ET"
1774117193,2026-03-21 18:19:53,BUY,Up,0.94,63.44951,59.6425394,"Bitcoin Up or Down - March 21, 2:15PM-2:20PM ET"
1774117193,2026-03-21 18:19:53,BUY,Up,0.94,69.94434,65.7476796,"Bitcoin Up or Down - March 21, 2:15PM-2:20PM ET"
1774117193,2026-03-21 18:19:53,BUY,Up,0.9397471428571429,69.9439,65.72958018528571,"Bitcoin Up or Down - March 21, 2:15PM-2:20PM ET"
1774117193,2026-03-21 18:19:53,BUY,Up,0.93,58.97745,54.8490285,"Bitcoin Up or Down - March 21, 2:15PM-2:20PM ET"
1774117193,2026-03-21 18:19:53,BUY,Up,0.93347,69.93251,65.2799001097,"Bitcoin Up or Down - March 21, 2:15PM-2:20PM ET"
1774117193,2026-03-21 18:19:53,BUY,Up,0.94,69.94434,65.7476796,"Bitcoin Up or Down - March 21, 2:15PM-2:20PM ET"
1774117193,2026-03-21 18:19:53,BUY,Up,0.92,11.98,11.021600000000001,"Bitcoin Up or Down - March 21, 2:15PM-2:20PM ET"
1774117193,2026-03-21 18:19:53,BUY,Up,0.93,10.96,10.192800000000002,"Bitcoin Up or Down - March 21, 2:15PM-2:20PM ET"
1774117195,2026-03-21 18:19:55,BUY,Up,0.99,38.33,37.9467,"Ethereum Up or Down - March 21, 2:15PM-2:20PM ET"
1774117195,2026-03-21 18:19:55,BUY,Up,0.98,49.9952,48.995295999999996,"Ethereum Up or Down - March 21, 2:15PM-2:20PM ET"
1774117195,2026-03-21 18:19:55,BUY,Up,0.99,4.95,4.9005,"Ethereum Up or Down - March 21, 2:15PM-2:20PM ET"
1774117195,2026-03-21 18:19:55,BUY,Up,0.99,49.99878,49.4987922,"Ethereum Up or Down - March 21, 2:15PM-2:20PM ET"
1774117195,2026-03-21 18:19:55,BUY,Up,0.99,1.33,1.3167,"Ethereum Up or Down - March 21, 2:15PM-2:20PM ET"
1774117195,2026-03-21 18:19:55,BUY,Up,0.99,5.39,5.3361,"Ethereum Up or Down - March 21, 2:15PM-2:20PM ET"
1774117195,2026-03-21 18:19:55,BUY,Up,0.99,49.99878,49.4987922,"Ethereum Up or Down - March 21, 2:15PM-2:20PM ET"
1774117195,2026-03-21 18:19:55,BUY,Up,0.98,49.9952,48.995295999999996,"Ethereum Up or Down - March 21, 2:15PM-2:20PM ET"
1774117209,2026-03-21 18:20:09,BUY,Up,0.45,49.2343,22.155435,"Ethereum Up or Down - March 21, 2:20PM-2:25PM ET"
1774117209,2026-03-21 18:20:09,BUY,Up,0.49,1.98847,0.9743503,"Ethereum Up or Down - March 21, 2:20PM-2:25PM ET"
1774117211,2026-03-21 18:20:11,BUY,Down,0.48,3.38,1.6223999999999998,"Ethereum Up or Down - March 21, 2:20PM-2:25PM ET"
1774117211,2026-03-21 18:20:11,BUY,Down,0.4800000077235372,46.610768,22.373169,"Ethereum Up or Down - March 21, 2:20PM-2:25PM ET"
1774117213,2026-03-21 18:20:13,BUY,Down,0.41,39.41485,16.1600885,"Bitcoin Up or Down - March 21, 2:20PM-2:25PM ET"
1774117213,2026-03-21 18:20:13,BUY,Down,0.44000002107527086,13.285713,5.845714,"Bitcoin Up or Down - March 21, 2:20PM-2:25PM ET"
1774117213,2026-03-21 18:20:13,BUY,Down,0.44,54.9,24.156,"Bitcoin Up or Down - March 21, 2:20PM-2:25PM ET"
1774117213,2026-03-21 18:20:13,BUY,Down,0.4100000098333348,10.16949,4.169491,"Bitcoin Up or Down - March 21, 2:20PM-2:25PM ET"
1774117213,2026-03-21 18:20:13,BUY,Down,0.43,68.24,29.343199999999996,"Bitcoin Up or Down - March 21, 2:20PM-2:25PM ET"
1774117213,2026-03-21 18:20:13,BUY,Down,0.47000003237942967,5.867923,2.757924,"Ethereum Up or Down - March 21, 2:20PM-2:25PM ET"
1774117213,2026-03-21 18:20:13,BUY,Down,0.48,49.22125,23.626199999999997,"Ethereum Up or Down - March 21, 2:20PM-2:25PM ET"
1774117215,2026-03-21 18:20:15,BUY,Down,0.4700000749310497,5.471697,2.571698,"Ethereum Up or Down - March 21, 2:20PM-2:25PM ET"
1774117223,2026-03-21 18:20:23,BUY,Up,0.99,50.0,49.5,"Ethereum Up or Down - March 21, 2:15PM-2:20PM ET"
1774117225,2026-03-21 18:20:25,BUY,Up,0.5600000155611453,23.134544,12.955345000000001,"Bitcoin Up or Down - March 21, 2:20PM-2:25PM ET"
1774117227,2026-03-21 18:20:27,BUY,Up,0.56,6.13,3.4328000000000003,"Bitcoin Up or Down - March 21, 2:20PM-2:25PM ET"
1774117227,2026-03-21 18:20:27,BUY,Up,0.5600001936001084,2.272726,1.2727270000000002,"Bitcoin Up or Down - March 21, 2:20PM-2:25PM ET"
1774117227,2026-03-21 18:20:27,BUY,Up,0.5600000105600008,22.727271,12.727272,"Bitcoin Up or Down - March 21, 2:20PM-2:25PM ET"
1774117227,2026-03-21 18:20:27,BUY,Up,0.5600001936001084,2.272726,1.2727270000000002,"Bitcoin Up or Down - March 21, 2:20PM-2:25PM ET"
1774117227,2026-03-21 18:20:27,BUY,Up,0.5600000251428608,11.136362,6.236363,"Bitcoin Up or Down - March 21, 2:20PM-2:25PM ET"
1774117233,2026-03-21 18:20:33,BUY,Up,0.55,70.0,38.5,"Bitcoin Up or Down - March 21, 2:20PM-2:25PM ET"
1774117235,2026-03-21 18:20:35,BUY,Up,0.5700000344000058,9.302324,5.302325,"Bitcoin Up or Down - March 21, 2:20PM-2:25PM ET"
1774117235,2026-03-21 18:20:35,BUY,Up,0.57,5.0,2.8499999999999996,"Bitcoin Up or Down - March 21, 2:20PM-2:25PM ET"
1774117237,2026-03-21 18:20:37,,,0.0,537.956959,0.0,"Ethereum Up or Down - March 21, 2:15PM-2:20PM ET"
1774117239,2026-03-21 18:20:39,BUY,Up,0.53,68.91412,36.5244836,"Bitcoin Up or Down - March 21, 2:20PM-2:25PM ET"
1774117243,2026-03-21 18:20:43,BUY,Up,0.5200000039678768,50.40479,26.210490999999998,"Bitcoin Up or Down - March 21, 2:20PM-2:25PM ET"
1774117243,2026-03-21 18:20:43,BUY,Up,0.5200000432000069,8.333332,4.3333330000000005,"Bitcoin Up or Down - March 21, 2:20PM-2:25PM ET"
1774117243,2026-03-21 18:20:43,BUY,Up,0.52,11.25,5.8500000000000005,"Bitcoin Up or Down - March 21, 2:20PM-2:25PM ET"
1774117245,2026-03-21 18:20:45,BUY,Up,0.54,68.92021,37.2169134,"Bitcoin Up or Down - March 21, 2:20PM-2:25PM ET"
1774117261,2026-03-21 18:21:01,BUY,Up,0.54,4.92288,2.6583552000000004,"Ethereum Up or Down - March 21, 2:20PM-2:25PM ET"
1774117265,2026-03-21 18:21:05,BUY,Up,0.4733242857142857,68.91247,32.61794563955714,"Bitcoin Up or Down - March 21, 2:20PM-2:25PM ET"
1774117271,2026-03-21 18:21:11,BUY,Down,0.38147,69.02573,26.331245223099998,"Bitcoin Up or Down - March 21, 2:20PM-2:25PM ET"
1774117271,2026-03-21 18:21:11,BUY,Up,0.54,35.86805,19.368747,"Bitcoin Up or Down - March 21, 2:20PM-2:25PM ET"
1774117283,2026-03-21 18:21:23,BUY,Up,0.61,69.00957,42.0958377,"Bitcoin Up or Down - March 21, 2:20PM-2:25PM ET"
1774117283,2026-03-21 18:21:23,BUY,Up,0.61,69.00957,42.0958377,"Bitcoin Up or Down - March 21, 2:20PM-2:25PM ET"
1774117289,2026-03-21 18:21:29,BUY,Up,0.72,4.9492,3.563424,"Ethereum Up or Down - March 21, 2:20PM-2:25PM ET"
1774117291,2026-03-21 18:21:31,BUY,Down,0.3100000414000389,1.449274,0.449275,"Bitcoin Up or Down - March 21, 2:20PM-2:25PM ET"
1774117291,2026-03-21 18:21:31,BUY,Down,0.35,69.09427,24.182994499999996,"Bitcoin Up or Down - March 21, 2:20PM-2:25PM ET"
1774117291,2026-03-21 18:21:31,BUY,Down,0.31,69.19932,21.4517892,"Bitcoin Up or Down - March 21, 2:20PM-2:25PM ET"
1774117291,2026-03-21 18:21:31,BUY,Down,0.3177142857142857,69.17768,21.97873718857143,"Bitcoin Up or Down - March 21, 2:20PM-2:25PM ET"
1774117291,2026-03-21 18:21:31,BUY,Down,0.32077285714285714,69.16927,22.187624364385712,"Bitcoin Up or Down - March 21, 2:20PM-2:25PM ET"
1774117295,2026-03-21 18:21:35,BUY,Up,0.5800000426006867,4.69476,2.7229609999999997,"Bitcoin Up or Down - March 21, 2:20PM-2:25PM ET"
1774117295,2026-03-21 18:21:35,BUY,Up,0.5800000168000027,11.90476,6.904761,"Bitcoin Up or Down - March 21, 2:20PM-2:25PM ET"
1774117295,2026-03-21 18:21:35,BUY,Up,0.58,16.87588,9.7880104,"Bitcoin Up or Down - March 21, 2:20PM-2:25PM ET"
1774117297,2026-03-21 18:21:37,BUY,Up,0.59,6.3655,3.755645,"Bitcoin Up or Down - March 21, 2:20PM-2:25PM ET"
1774117297,2026-03-21 18:21:37,BUY,Up,0.58,25.75,14.934999999999999,"Bitcoin Up or Down - March 21, 2:20PM-2:25PM ET"
1774117297,2026-03-21 18:21:37,BUY,Up,0.5800000625116477,5.119046,2.969047,"Bitcoin Up or Down - March 21, 2:20PM-2:25PM ET"
1774117297,2026-03-21 18:21:37,BUY,Up,0.58,3.0,1.7399999999999998,"Bitcoin Up or Down - March 21, 2:20PM-2:25PM ET"
1774117297,2026-03-21 18:21:37,BUY,Up,0.5800001764001023,2.380951,1.380952,"Bitcoin Up or Down - March 21, 2:20PM-2:25PM ET"
1774117297,2026-03-21 18:21:37,BUY,Up,0.6,15.7696,9.46176,"Bitcoin Up or Down - March 21, 2:20PM-2:25PM ET"
1774117301,2026-03-21 18:21:41,BUY,Up,0.59,13.16,7.764399999999999,"Bitcoin Up or Down - March 21, 2:20PM-2:25PM ET"
1774117301,2026-03-21 18:21:41,BUY,Up,0.59,56.84,33.5356,"Bitcoin Up or Down - March 21, 2:20PM-2:25PM ET"
1774117303,2026-03-21 18:21:43,BUY,Up,0.77,11.81,9.0937,"Ethereum Up or Down - March 21, 2:20PM-2:25PM ET"
1774117303,2026-03-21 18:21:43,BUY,Up,0.77,5.0,3.85,"Ethereum Up or Down - March 21, 2:20PM-2:25PM ET"
1774117303,2026-03-21 18:21:43,BUY,Up,0.77,9.713239999999999,7.479194799999999,"Ethereum Up or Down - March 21, 2:20PM-2:25PM ET"
1774117307,2026-03-21 18:21:47,BUY,Up,0.6191843220338983,18.61758,11.527713650211863,"Bitcoin Up or Down - March 21, 2:20PM-2:25PM ET"
1774117307,2026-03-21 18:21:47,BUY,Down,0.35,69.09427,24.182994499999996,"Bitcoin Up or Down - March 21, 2:20PM-2:25PM ET"
1774117307,2026-03-21 18:21:47,BUY,Down,0.33,69.14451,22.8176883,"Bitcoin Up or Down - March 21, 2:20PM-2:25PM ET"
1774117319,2026-03-21 18:21:59,BUY,Up,0.63,19.36335,12.1989105,"Bitcoin Up or Down - March 21, 2:20PM-2:25PM ET"
1774117321,2026-03-21 18:22:01,BUY,Up,0.64,42.488550000000004,27.192672,"Bitcoin Up or Down - March 21, 2:20PM-2:25PM ET"
1774117321,2026-03-21 18:22:01,BUY,Up,0.6400000230400031,13.888887,8.888888,"Bitcoin Up or Down - March 21, 2:20PM-2:25PM ET"
1774117323,2026-03-21 18:22:03,,,0.0,671.364377,0.0,"Bitcoin Up or Down - March 21, 2:20PM-2:25PM ET"
1774117325,2026-03-21 18:22:05,BUY,Down,0.24,4.95842,1.1900208,"Ethereum Up or Down - March 21, 2:20PM-2:25PM ET"
1774117325,2026-03-21 18:22:05,BUY,Down,0.23,9.92159,2.2819657,"Ethereum Up or Down - March 21, 2:20PM-2:25PM ET"
1774117325,2026-03-21 18:22:05,BUY,Down,0.22,50.0,11.0,"Ethereum Up or Down - March 21, 2:20PM-2:25PM ET"
1774117327,2026-03-21 18:22:07,BUY,Down,0.36,69.07103,24.865570799999997,"Bitcoin Up or Down - March 21, 2:20PM-2:25PM ET"
1774117333,2026-03-21 18:22:13,BUY,Down,0.3,69.22825,20.768475,"Bitcoin Up or Down - March 21, 2:20PM-2:25PM ET"
1774117333,2026-03-21 18:22:13,BUY,Down,0.3,69.22825,20.768475,"Bitcoin Up or Down - March 21, 2:20PM-2:25PM ET"
1774117333,2026-03-21 18:22:13,BUY,Down,0.3,69.22825,20.768475,"Bitcoin Up or Down - March 21, 2:20PM-2:25PM ET"
1774117333,2026-03-21 18:22:13,BUY,Down,0.34,70.0,23.8,"Bitcoin Up or Down - March 21, 2:20PM-2:25PM ET"
1774117333,2026-03-21 18:22:13,BUY,Down,0.35,70.0,24.5,"Bitcoin Up or Down - March 21, 2:20PM-2:25PM ET"
1774117333,2026-03-21 18:22:13,BUY,Down,0.3,69.22825,20.768475,"Bitcoin Up or Down - March 21, 2:20PM-2:25PM ET"
1774117335,2026-03-21 18:22:15,BUY,Down,0.3,45.928,13.7784,"Bitcoin Up or Down - March 21, 2:20PM-2:25PM ET"
1774117355,2026-03-21 18:22:35,BUY,Up,0.76,14.87524,11.3051824,"Ethereum Up or Down - March 21, 2:20PM-2:25PM ET"
1774117361,2026-03-21 18:22:41,BUY,Up,0.71,70.0,49.699999999999996,"Bitcoin Up or Down - March 21, 2:20PM-2:25PM ET"
1774117367,2026-03-21 18:22:47,BUY,Up,0.84,49.77421,41.8103364,"Ethereum Up or Down - March 21, 2:20PM-2:25PM ET"
1774117367,2026-03-21 18:22:47,BUY,Down,0.17,49.75114,8.457693800000001,"Ethereum Up or Down - March 21, 2:20PM-2:25PM ET"
1774117367,2026-03-21 18:22:47,BUY,Down,0.16,15.131359999999999,2.4210176,"Ethereum Up or Down - March 21, 2:20PM-2:25PM ET"
1774117367,2026-03-21 18:22:47,BUY,Down,0.15,2.0,0.3,"Ethereum Up or Down - March 21, 2:20PM-2:25PM ET"
1774117367,2026-03-21 18:22:47,BUY,Down,0.15,25.0,3.75,"Ethereum Up or Down - March 21, 2:20PM-2:25PM ET"
1774117367,2026-03-21 18:22:47,BUY,Down,0.15,23.0,3.4499999999999997,"Ethereum Up or Down - March 21, 2:20PM-2:25PM ET"
1774117383,2026-03-21 18:23:03,BUY,Up,0.74,69.35219,51.32062059999999,"Bitcoin Up or Down - March 21, 2:20PM-2:25PM ET"
1774117383,2026-03-21 18:23:03,BUY,Down,0.09,6.08,0.5472,"Ethereum Up or Down - March 21, 2:20PM-2:25PM ET"
1774117383,2026-03-21 18:23:03,BUY,Up,0.75,4.95606,3.7170449999999997,"Bitcoin Up or Down - March 21, 2:20PM-2:25PM ET"
1774117383,2026-03-21 18:23:03,BUY,Down,0.09,5.98994,0.5390946,"Ethereum Up or Down - March 21, 2:20PM-2:25PM ET"
1774117383,2026-03-21 18:23:03,BUY,Down,0.08,9.73,0.7784000000000001,"Ethereum Up or Down - March 21, 2:20PM-2:25PM ET"
1774117383,2026-03-21 18:23:03,BUY,Down,0.08,25.0,2.0,"Ethereum Up or Down - March 21, 2:20PM-2:25PM ET"
1774117383,2026-03-21 18:23:03,BUY,Down,0.08,15.249329999999999,1.2199464,"Ethereum Up or Down - March 21, 2:20PM-2:25PM ET"
1774117385,2026-03-21 18:23:05,BUY,Up,0.9,50.0,45.0,"Ethereum Up or Down - March 21, 2:20PM-2:25PM ET"
1774117385,2026-03-21 18:23:05,BUY,Down,0.06,50.0,3.0,"Ethereum Up or Down - March 21, 2:20PM-2:25PM ET"
1774117385,2026-03-21 18:23:05,BUY,Down,0.2,70.0,14.0,"Bitcoin Up or Down - March 21, 2:20PM-2:25PM ET"
1774117385,2026-03-21 18:23:05,BUY,Down,0.06,50.0,3.0,"Ethereum Up or Down - March 21, 2:20PM-2:25PM ET"
1774117387,2026-03-21 18:23:07,BUY,Down,0.18,6.36,1.1448,"Bitcoin Up or Down - March 21, 2:20PM-2:25PM ET"
1774117387,2026-03-21 18:23:07,BUY,Down,0.18000001640001606,2.439022,0.43902399999999997,"Bitcoin Up or Down - March 21, 2:20PM-2:25PM ET"
1774117387,2026-03-21 18:23:07,BUY,Down,0.18000051038636247,0.235116,0.042321,"Bitcoin Up or Down - March 21, 2:20PM-2:25PM ET"
1774117389,2026-03-21 18:23:09,,,0.0,425.325211,0.0,"Ethereum Up or Down - March 21, 2:05PM-2:10PM ET"
1774117389,2026-03-21 18:23:09,,,0.0,699.14002,0.0,"Bitcoin Up or Down - March 21, 2:15PM-2:20PM ET"
1774117389,2026-03-21 18:23:09,,,0.0,523.65758,0.0,"Bitcoin Up or Down - March 21, 2:10PM-2:15PM ET"
1774117389,2026-03-21 18:23:09,,,0.0,68.321028,0.0,"Ethereum Up or Down - March 21, 2:15PM-2:20PM ET"
1774117397,2026-03-21 18:23:17,BUY,Up,0.79,26.416980000000002,20.8694142,"Bitcoin Up or Down - March 21, 2:20PM-2:25PM ET"
1774117397,2026-03-21 18:23:17,BUY,Up,0.78,53.9,42.042,"Bitcoin Up or Down - March 21, 2:20PM-2:25PM ET"
1774117397,2026-03-21 18:23:17,BUY,Up,0.8,1.2618800000000001,1.0095040000000002,"Bitcoin Up or Down - March 21, 2:20PM-2:25PM ET"
1774117397,2026-03-21 18:23:17,BUY,Up,0.8,69.552,55.64160000000001,"Bitcoin Up or Down - March 21, 2:20PM-2:25PM ET"
1774117407,2026-03-21 18:23:27,BUY,Up,0.82,69.61875,57.087375,"Bitcoin Up or Down - March 21, 2:20PM-2:25PM ET"
1774117407,2026-03-21 18:23:27,BUY,Up,0.82,5.499890000000001,4.5099098,"Bitcoin Up or Down - March 21, 2:20PM-2:25PM ET"
1774117411,2026-03-21 18:23:31,BUY,Up,0.82,61.72,50.6104,"Bitcoin Up or Down - March 21, 2:20PM-2:25PM ET"
1774117411,2026-03-21 18:23:31,BUY,Up,0.82,8.28,6.789599999999999,"Bitcoin Up or Down - March 21, 2:20PM-2:25PM ET"
1774117413,2026-03-21 18:23:33,BUY,Up,0.82,4.04,3.3127999999999997,"Bitcoin Up or Down - March 21, 2:20PM-2:25PM ET"
1774117415,2026-03-21 18:23:35,BUY,Up,0.85,69.71552,59.258191999999994,"Bitcoin Up or Down - March 21, 2:20PM-2:25PM ET"
1774117415,2026-03-21 18:23:35,BUY,Up,0.86,0.07,0.060200000000000004,"Bitcoin Up or Down - March 21, 2:20PM-2:25PM ET"
1774117415,2026-03-21 18:23:35,BUY,Up,0.8600000834541821,8.867141,7.625742,"Bitcoin Up or Down - March 21, 2:20PM-2:25PM ET"
1774117415,2026-03-21 18:23:35,BUY,Up,0.86,15.0,12.9,"Bitcoin Up or Down - March 21, 2:20PM-2:25PM ET"
1774117415,2026-03-21 18:23:35,BUY,Up,0.86,15.0,12.9,"Bitcoin Up or Down - March 21, 2:20PM-2:25PM ET"
1774117415,2026-03-21 18:23:35,BUY,Up,0.86,3.17,2.7262,"Bitcoin Up or Down - March 21, 2:20PM-2:25PM ET"
1774117415,2026-03-21 18:23:35,BUY,Up,0.86,15.0,12.9,"Bitcoin Up or Down - March 21, 2:20PM-2:25PM ET"
1774117415,2026-03-21 18:23:35,BUY,Up,0.86,69.74632,59.9818352,"Bitcoin Up or Down - March 21, 2:20PM-2:25PM ET"
1774117419,2026-03-21 18:23:39,BUY,Up,0.87,70.0,60.9,"Bitcoin Up or Down - March 21, 2:20PM-2:25PM ET"
1774117423,2026-03-21 18:23:43,BUY,Up,0.86,65.58,56.398799999999994,"Bitcoin Up or Down - March 21, 2:20PM-2:25PM ET"
1774117431,2026-03-21 18:23:51,BUY,Down,0.1,5.55555,0.555555,"Bitcoin Up or Down - March 21, 2:20PM-2:25PM ET"
1774117431,2026-03-21 18:23:51,BUY,Down,0.1,10.0,1.0,"Bitcoin Up or Down - March 21, 2:20PM-2:25PM ET"
1774117431,2026-03-21 18:23:51,BUY,Down,0.1,1.91,0.191,"Bitcoin Up or Down - March 21, 2:20PM-2:25PM ET"
1774117431,2026-03-21 18:23:51,BUY,Down,0.1,15.0,1.5,"Bitcoin Up or Down - March 21, 2:20PM-2:25PM ET"
1774117431,2026-03-21 18:23:51,BUY,Down,0.1,1.11111,0.11111100000000002,"Bitcoin Up or Down - March 21, 2:20PM-2:25PM ET"
1774117431,2026-03-21 18:23:51,BUY,Down,0.1,7.46666,0.746666,"Bitcoin Up or Down - March 21, 2:20PM-2:25PM ET"
1774117431,2026-03-21 18:23:51,BUY,Down,0.1,11.73333,1.1733330000000002,"Bitcoin Up or Down - March 21, 2:20PM-2:25PM ET"
1774117431,2026-03-21 18:23:51,BUY,Down,0.1,9.2,0.9199999999999999,"Bitcoin Up or Down - March 21, 2:20PM-2:25PM ET"
1774117431,2026-03-21 18:23:51,BUY,Down,0.1,8.0,0.8,"Bitcoin Up or Down - March 21, 2:20PM-2:25PM ET"
1774117437,2026-03-21 18:23:57,,,0.0,610.946168,0.0,"Bitcoin Up or Down - March 21, 2:20PM-2:25PM ET"
1774117447,2026-03-21 18:24:07,BUY,Down,0.07,2.24,0.15680000000000002,"Bitcoin Up or Down - March 21, 2:20PM-2:25PM ET"
1774117447,2026-03-21 18:24:07,BUY,Down,0.07,27.76,1.9432000000000003,"Bitcoin Up or Down - March 21, 2:20PM-2:25PM ET"
1774117447,2026-03-21 18:24:07,BUY,Down,0.07,40.0,2.8000000000000003,"Bitcoin Up or Down - March 21, 2:20PM-2:25PM ET"
1774117449,2026-03-21 18:24:09,BUY,Down,0.07,8.94,0.6258,"Bitcoin Up or Down - March 21, 2:20PM-2:25PM ET"
1774117449,2026-03-21 18:24:09,BUY,Down,0.07,5.0,0.35000000000000003,"Bitcoin Up or Down - March 21, 2:20PM-2:25PM ET"
1774117449,2026-03-21 18:24:09,BUY,Down,0.07000000930010221,1.075257,0.07526799999999999,"Bitcoin Up or Down - March 21, 2:20PM-2:25PM ET"
1774117449,2026-03-21 18:24:09,BUY,Down,0.07,20.0,1.4000000000000001,"Bitcoin Up or Down - March 21, 2:20PM-2:25PM ET"
1774117449,2026-03-21 18:24:09,BUY,Down,0.07,6.0,0.42000000000000004,"Bitcoin Up or Down - March 21, 2:20PM-2:25PM ET"
1774117449,2026-03-21 18:24:09,BUY,Down,0.07,10.0,0.7000000000000001,"Bitcoin Up or Down - March 21, 2:20PM-2:25PM ET"
1774117449,2026-03-21 18:24:09,BUY,Down,0.07,18.98,1.3286000000000002,"Bitcoin Up or Down - March 21, 2:20PM-2:25PM ET"
1774117457,2026-03-21 18:24:17,BUY,Down,0.06,69.94434,4.1966604,"Bitcoin Up or Down - March 21, 2:20PM-2:25PM ET"
1774117457,2026-03-21 18:24:17,BUY,Down,0.06,69.94434,4.1966604,"Bitcoin Up or Down - March 21, 2:20PM-2:25PM ET"
1774117459,2026-03-21 18:24:19,BUY,Down,0.06,69.94434,4.1966604,"Bitcoin Up or Down - March 21, 2:20PM-2:25PM ET"
1774117459,2026-03-21 18:24:19,BUY,Down,0.06,69.94434,4.1966604,"Bitcoin Up or Down - March 21, 2:20PM-2:25PM ET"
1774117465,2026-03-21 18:24:25,BUY,Down,0.05,5.0,0.25,"Bitcoin Up or Down - March 21, 2:20PM-2:25PM ET"
1774117465,2026-03-21 18:24:25,BUY,Down,0.05,1.05262,0.052631,"Bitcoin Up or Down - March 21, 2:20PM-2:25PM ET"
1774117465,2026-03-21 18:24:25,BUY,Down,0.05,1.63,0.0815,"Bitcoin Up or Down - March 21, 2:20PM-2:25PM ET"
1774117465,2026-03-21 18:24:25,BUY,Down,0.05,25.0,1.25,"Bitcoin Up or Down - March 21, 2:20PM-2:25PM ET"
1774117465,2026-03-21 18:24:25,BUY,Down,0.05,3.26526,0.16326300000000002,"Bitcoin Up or Down - March 21, 2:20PM-2:25PM ET"
1774117465,2026-03-21 18:24:25,BUY,Down,0.05,34.03156,1.701578,"Bitcoin Up or Down - March 21, 2:20PM-2:25PM ET"
1774117467,2026-03-21 18:24:27,BUY,Down,0.04,70.0,2.8000000000000003,"Bitcoin Up or Down - March 21, 2:20PM-2:25PM ET"
1774117469,2026-03-21 18:24:29,BUY,Down,0.04,70.0,2.8000000000000003,"Bitcoin Up or Down - March 21, 2:20PM-2:25PM ET"
1774117487,2026-03-21 18:24:47,BUY,Up,0.94,70.0,65.8,"Bitcoin Up or Down - March 21, 2:20PM-2:25PM ET"
1774117489,2026-03-21 18:24:49,BUY,Up,0.8749028571428571,69.79038,61.05980286308571,"Bitcoin Up or Down - March 21, 2:20PM-2:25PM ET"
1774117489,2026-03-21 18:24:49,BUY,Up,0.92,20.57,18.924400000000002,"Bitcoin Up or Down - March 21, 2:20PM-2:25PM ET"
1774117489,2026-03-21 18:24:49,BUY,Up,0.92,33.4,30.728,"Bitcoin Up or Down - March 21, 2:20PM-2:25PM ET"
1774117489,2026-03-21 18:24:49,BUY,Up,0.91,9.98324,9.0847484,"Bitcoin Up or Down - March 21, 2:20PM-2:25PM ET"
1774117489,2026-03-21 18:24:49,BUY,Up,0.92,70.0,64.4,"Bitcoin Up or Down - March 21, 2:20PM-2:25PM ET"
1774117489,2026-03-21 18:24:49,BUY,Up,0.94,70.0,65.8,"Bitcoin Up or Down - March 21, 2:20PM-2:25PM ET"
1774117489,2026-03-21 18:24:49,BUY,Up,0.93,24.4,22.692,"Bitcoin Up or Down - March 21, 2:20PM-2:25PM ET"
1774117489,2026-03-21 18:24:49,BUY,Down,0.05,6.0,0.30000000000000004,"Bitcoin Up or Down - March 21, 2:20PM-2:25PM ET"
1774117489,2026-03-21 18:24:49,BUY,Up,0.93,30.0,27.900000000000002,"Bitcoin Up or Down - March 21, 2:20PM-2:25PM ET"
1774117489,2026-03-21 18:24:49,BUY,Down,0.05,6.0,0.30000000000000004,"Bitcoin Up or Down - March 21, 2:20PM-2:25PM ET"
1774117489,2026-03-21 18:24:49,BUY,Down,0.05,6.0,0.30000000000000004,"Bitcoin Up or Down - March 21, 2:20PM-2:25PM ET"
1774117489,2026-03-21 18:24:49,BUY,Down,0.05,10.0,0.5,"Bitcoin Up or Down - March 21, 2:20PM-2:25PM ET"
1774117489,2026-03-21 18:24:49,BUY,Up,0.92,15.57888,14.332569600000001,"Bitcoin Up or Down - March 21, 2:20PM-2:25PM ET"
1774117489,2026-03-21 18:24:49,BUY,Up,0.86,69.74632,59.9818352,"Bitcoin Up or Down - March 21, 2:20PM-2:25PM ET"
1774117491,2026-03-21 18:24:51,BUY,Up,0.92,5.98,5.501600000000001,"Bitcoin Up or Down - March 21, 2:20PM-2:25PM ET"
1774117491,2026-03-21 18:24:51,BUY,Up,0.87,25.43,22.1241,"Bitcoin Up or Down - March 21, 2:20PM-2:25PM ET"
1774117491,2026-03-21 18:24:51,BUY,Up,0.87,44.57,38.7759,"Bitcoin Up or Down - March 21, 2:20PM-2:25PM ET"
1774117491,2026-03-21 18:24:51,BUY,Down,0.05,21.02314,1.0511570000000001,"Bitcoin Up or Down - March 21, 2:20PM-2:25PM ET"
1774117491,2026-03-21 18:24:51,BUY,Down,0.05,20.0,1.0,"Bitcoin Up or Down - March 21, 2:20PM-2:25PM ET"
1774117491,2026-03-21 18:24:51,BUY,Down,0.05,6.97,0.34850000000000003,"Bitcoin Up or Down - March 21, 2:20PM-2:25PM ET"
1774117493,2026-03-21 18:24:53,BUY,Up,0.92,70.0,64.4,"Bitcoin Up or Down - March 21, 2:20PM-2:25PM ET"
1774117493,2026-03-21 18:24:53,BUY,Up,0.9100000264000011,33.333332,30.333333,"Bitcoin Up or Down - March 21, 2:20PM-2:25PM ET"
1774117493,2026-03-21 18:24:53,BUY,Up,0.9100000356173231,24.145554,21.972455,"Bitcoin Up or Down - March 21, 2:20PM-2:25PM ET"
1774117493,2026-03-21 18:24:53,BUY,Up,0.9,27.5,24.75,"Bitcoin Up or Down - March 21, 2:20PM-2:25PM ET"
1774117493,2026-03-21 18:24:53,BUY,Up,0.9,42.49,38.241,"Bitcoin Up or Down - March 21, 2:20PM-2:25PM ET"
1774117493,2026-03-21 18:24:53,BUY,Up,0.91,12.51,11.3841,"Bitcoin Up or Down - March 21, 2:20PM-2:25PM ET"
1774117495,2026-03-21 18:24:55,BUY,Up,0.8717412494461675,44.99893,39.22742346194063,"Bitcoin Up or Down - March 21, 2:20PM-2:25PM ET"
1774117495,2026-03-21 18:24:55,BUY,Down,0.06,70.0,4.2,"Bitcoin Up or Down - March 21, 2:20PM-2:25PM ET"
1774117495,2026-03-21 18:24:55,BUY,Up,0.885,19.94821,17.65416585,"Bitcoin Up or Down - March 21, 2:20PM-2:25PM ET"
1774117497,2026-03-21 18:24:57,BUY,Up,0.56,70.0,39.2,"Bitcoin Up or Down - March 21, 2:20PM-2:25PM ET"
1774117497,2026-03-21 18:24:57,BUY,Up,0.56,14.87,8.3272,"Bitcoin Up or Down - March 21, 2:20PM-2:25PM ET"
1774117497,2026-03-21 18:24:57,BUY,Down,0.39,50.22,19.5858,"Bitcoin Up or Down - March 21, 2:20PM-2:25PM ET"
1774117497,2026-03-21 18:24:57,BUY,Down,0.3900000060918781,14.773769,5.76177,"Bitcoin Up or Down - March 21, 2:20PM-2:25PM ET"
1774117497,2026-03-21 18:24:57,BUY,Down,0.39,5.0,1.9500000000000002,"Bitcoin Up or Down - March 21, 2:20PM-2:25PM ET"
1774117497,2026-03-21 18:24:57,BUY,Down,0.3,9.88975,2.966925,"Bitcoin Up or Down - March 21, 2:20PM-2:25PM ET"
1774117509,2026-03-21 18:25:09,BUY,Up,0.45,49.2343,22.155435,"Ethereum Up or Down - March 21, 2:25PM-2:30PM ET"
1774117509,2026-03-21 18:25:09,BUY,Down,0.56,5.0,2.8000000000000003,"Bitcoin Up or Down - March 21, 2:25PM-2:30PM ET"
1774117509,2026-03-21 18:25:09,BUY,Up,0.45,2.02,0.909,"Bitcoin Up or Down - March 21, 2:25PM-2:30PM ET"
1774117509,2026-03-21 18:25:09,BUY,Down,0.56,28.83559,16.1479304,"Bitcoin Up or Down - March 21, 2:25PM-2:30PM ET"
1774117509,2026-03-21 18:25:09,BUY,Up,0.45,0.49235,0.22155750000000002,"Bitcoin Up or Down - March 21, 2:25PM-2:30PM ET"
1774117509,2026-03-21 18:25:09,BUY,Down,0.55,12.76153,7.018841500000001,"Bitcoin Up or Down - March 21, 2:25PM-2:30PM ET"
1774117527,2026-03-21 18:25:27,BUY,Up,0.39,38.320029999999996,14.944811699999999,"Bitcoin Up or Down - March 21, 2:25PM-2:30PM ET"
1774117533,2026-03-21 18:25:33,,,0.0,919.605366,0.0,"Bitcoin Up or Down - March 21, 2:20PM-2:25PM ET"
1774117533,2026-03-21 18:25:33,BUY,Up,0.33,49.38894,16.2983502,"Ethereum Up or Down - March 21, 2:25PM-2:30PM ET"
1774117535,2026-03-21 18:25:35,BUY,Down,0.67,5.0,3.35,"Bitcoin Up or Down - March 21, 2:25PM-2:30PM ET"
1774117535,2026-03-21 18:25:35,BUY,Down,0.6700000093975865,53.20515,35.647451000000004,"Bitcoin Up or Down - March 21, 2:25PM-2:30PM ET"
1774117539,2026-03-21 18:25:39,BUY,Up,0.24,48.26,11.5824,"Ethereum Up or Down - March 21, 2:25PM-2:30PM ET"
1774117541,2026-03-21 18:25:41,BUY,Down,0.77,5.0,3.85,"Bitcoin Up or Down - March 21, 2:25PM-2:30PM ET"
1774117541,2026-03-21 18:25:41,BUY,Down,0.7700001725000432,4.347825,3.3478260000000004,"Bitcoin Up or Down - March 21, 2:25PM-2:30PM ET"
1774117541,2026-03-21 18:25:41,BUY,Down,0.77,6.34,4.8818,"Bitcoin Up or Down - March 21, 2:25PM-2:30PM ET"
1774117541,2026-03-21 18:25:41,BUY,Down,0.7700001929099175,3.887825,2.993626,"Bitcoin Up or Down - March 21, 2:25PM-2:30PM ET"
1774117541,2026-03-21 18:25:41,BUY,Down,0.77,1.41,1.0856999999999999,"Bitcoin Up or Down - March 21, 2:25PM-2:30PM ET"
1774117543,2026-03-21 18:25:43,BUY,Down,0.76,56.7,43.092000000000006,"Bitcoin Up or Down - March 21, 2:25PM-2:30PM ET"
1774117543,2026-03-21 18:25:43,BUY,Down,0.7600000748623963,9.083332,6.903333,"Bitcoin Up or Down - March 21, 2:25PM-2:30PM ET"
1774117543,2026-03-21 18:25:43,BUY,Up,0.25,12.5,3.125,"Bitcoin Up or Down - March 21, 2:25PM-2:30PM ET"
1774117543,2026-03-21 18:25:43,BUY,Down,0.7,49.44875,34.614124999999994,"Ethereum Up or Down - March 21, 2:25PM-2:30PM ET"
1774117543,2026-03-21 18:25:43,BUY,Up,0.3,50.0,15.0,"Ethereum Up or Down - March 21, 2:25PM-2:30PM ET"
1774117543,2026-03-21 18:25:43,BUY,Up,0.25,4.0,1.0,"Bitcoin Up or Down - March 21, 2:25PM-2:30PM ET"
1774117543,2026-03-21 18:25:43,BUY,Up,0.25,5.0,1.25,"Bitcoin Up or Down - March 21, 2:25PM-2:30PM ET"
1774117543,2026-03-21 18:25:43,BUY,Up,0.25,1.333332,0.333333,"Bitcoin Up or Down - March 21, 2:25PM-2:30PM ET"
1774117543,2026-03-21 18:25:43,BUY,Up,0.25,20.04,5.01,"Bitcoin Up or Down - March 21, 2:25PM-2:30PM ET"
1774117543,2026-03-21 18:25:43,BUY,Up,0.25,4.653332,1.163333,"Bitcoin Up or Down - March 21, 2:25PM-2:30PM ET"
1774117545,2026-03-21 18:25:45,BUY,Up,0.25,21.12,5.28,"Bitcoin Up or Down - March 21, 2:25PM-2:30PM ET"
1774117545,2026-03-21 18:25:45,BUY,Up,0.25,6.0,1.5,"Bitcoin Up or Down - March 21, 2:25PM-2:30PM ET"
1774117545,2026-03-21 18:25:45,BUY,Down,0.76,15.625,11.875,"Bitcoin Up or Down - March 21, 2:25PM-2:30PM ET"
1774117545,2026-03-21 18:25:45,BUY,Down,0.76,39.34997,29.9059772,"Bitcoin Up or Down - March 21, 2:25PM-2:30PM ET"
1774117545,2026-03-21 18:25:45,BUY,Down,0.68,49.40813,33.5975284,"Ethereum Up or Down - March 21, 2:25PM-2:30PM ET"
1774117547,2026-03-21 18:25:47,BUY,Down,0.75,70.0,52.5,"Bitcoin Up or Down - March 21, 2:25PM-2:30PM ET"
1774117549,2026-03-21 18:25:49,BUY,Down,0.75,4.0,3.0,"Bitcoin Up or Down - March 21, 2:25PM-2:30PM ET"
1774117551,2026-03-21 18:25:51,BUY,Down,0.79,49.65597,39.22821630000001,"Ethereum Up or Down - March 21, 2:25PM-2:30PM ET"
1774117551,2026-03-21 18:25:51,BUY,Down,0.75,55.04,41.28,"Bitcoin Up or Down - March 21, 2:25PM-2:30PM ET"
1774117551,2026-03-21 18:25:51,BUY,Down,0.74,4.95373,3.6657602000000002,"Ethereum Up or Down - March 21, 2:25PM-2:30PM ET"
1774117553,2026-03-21 18:25:53,BUY,Down,0.77,19.47,14.9919,"Bitcoin Up or Down - March 21, 2:25PM-2:30PM ET"
1774117555,2026-03-21 18:25:55,BUY,Up,0.26,6.0,1.56,"Bitcoin Up or Down - March 21, 2:25PM-2:30PM ET"
1774117559,2026-03-21 18:25:59,BUY,Up,0.345,47.38723,16.34859435,"Bitcoin Up or Down - March 21, 2:25PM-2:30PM ET"
1774117559,2026-03-21 18:25:59,BUY,Up,0.37,4.0,1.48,"Bitcoin Up or Down - March 21, 2:25PM-2:30PM ET"
1774117561,2026-03-21 18:26:01,BUY,Up,0.3,70.0,21.0,"Bitcoin Up or Down - March 21, 2:25PM-2:30PM ET"
1774117563,2026-03-21 18:26:03,BUY,Down,0.73,49.5144,36.145512000000004,"Ethereum Up or Down - March 21, 2:25PM-2:30PM ET"
1774117563,2026-03-21 18:26:03,BUY,Up,0.3500000099160959,20.169228,7.0592299999999994,"Bitcoin Up or Down - March 21, 2:25PM-2:30PM ET"
1774117563,2026-03-21 18:26:03,BUY,Down,0.73,49.5144,36.145512000000004,"Ethereum Up or Down - March 21, 2:25PM-2:30PM ET"
1774117563,2026-03-21 18:26:03,BUY,Up,0.35,5.44,1.904,"Bitcoin Up or Down - March 21, 2:25PM-2:30PM ET"
1774117563,2026-03-21 18:26:03,BUY,Up,0.35,5.0,1.75,"Bitcoin Up or Down - March 21, 2:25PM-2:30PM ET"
1774117563,2026-03-21 18:26:03,BUY,Up,0.35,1.53846,0.538461,"Bitcoin Up or Down - March 21, 2:25PM-2:30PM ET"
1774117563,2026-03-21 18:26:03,BUY,Up,0.34,70.0,23.8,"Bitcoin Up or Down - March 21, 2:25PM-2:30PM ET"
1774117565,2026-03-21 18:26:05,BUY,Down,0.72,5.0,3.5999999999999996,"Ethereum Up or Down - March 21, 2:25PM-2:30PM ET"
1774117565,2026-03-21 18:26:05,BUY,Up,0.34,3.99902,1.3596668,"Bitcoin Up or Down - March 21, 2:25PM-2:30PM ET"
1774117565,2026-03-21 18:26:05,BUY,Up,0.34,12.39,4.2126,"Bitcoin Up or Down - March 21, 2:25PM-2:30PM ET"
1774117565,2026-03-21 18:26:05,BUY,Up,0.34,13.56,4.6104,"Bitcoin Up or Down - March 21, 2:25PM-2:30PM ET"
1774117565,2026-03-21 18:26:05,BUY,Up,0.34,40.0,13.600000000000001,"Bitcoin Up or Down - March 21, 2:25PM-2:30PM ET"
1774117565,2026-03-21 18:26:05,BUY,Up,0.34,70.0,23.8,"Bitcoin Up or Down - March 21, 2:25PM-2:30PM ET"
1774117569,2026-03-21 18:26:09,BUY,Down,0.63,70.0,44.1,"Bitcoin Up or Down - March 21, 2:25PM-2:30PM ET"
1774117571,2026-03-21 18:26:11,BUY,Down,0.63,70.0,44.1,"Bitcoin Up or Down - March 21, 2:25PM-2:30PM ET"
1774117571,2026-03-21 18:26:11,BUY,Down,0.63,29.99,18.8937,"Bitcoin Up or Down - March 21, 2:25PM-2:30PM ET"
1774117571,2026-03-21 18:26:11,BUY,Down,0.63,33.53815,21.1290345,"Bitcoin Up or Down - March 21, 2:25PM-2:30PM ET"
1774117573,2026-03-21 18:26:13,BUY,Down,0.5384714640198511,19.83888,10.682670758114144,"Bitcoin Up or Down - March 21, 2:25PM-2:30PM ET"
1774117573,2026-03-21 18:26:13,BUY,Down,0.5815728571428571,68.9637,40.10741604814286,"Bitcoin Up or Down - March 21, 2:25PM-2:30PM ET"
1774117573,2026-03-21 18:26:13,BUY,Down,0.5885714285714285,68.97382,40.59601977142857,"Bitcoin Up or Down - March 21, 2:25PM-2:30PM ET"
1774117573,2026-03-21 18:26:13,BUY,Down,0.63,6.01,3.7862999999999998,"Bitcoin Up or Down - March 21, 2:25PM-2:30PM ET"
1774117599,2026-03-21 18:26:39,BUY,Up,0.4,0.596665,0.23866600000000002,"Bitcoin Up or Down - March 21, 2:25PM-2:30PM ET"
1774117599,2026-03-21 18:26:39,BUY,Up,0.4,1.666665,0.6666660000000001,"Bitcoin Up or Down - March 21, 2:25PM-2:30PM ET"
1774117609,2026-03-21 18:26:49,BUY,Down,0.47,36.0,16.919999999999998,"Ethereum Up or Down - March 21, 2:25PM-2:30PM ET"
1774117609,2026-03-21 18:26:49,BUY,Up,0.4500001034946598,3.381817,1.521818,"Bitcoin Up or Down - March 21, 2:25PM-2:30PM ET"
1774117611,2026-03-21 18:26:51,BUY,Down,0.45,49.2343,22.155435,"Ethereum Up or Down - March 21, 2:25PM-2:30PM ET"
1774117611,2026-03-21 18:26:51,BUY,Down,0.45,49.2343,22.155435,"Ethereum Up or Down - March 21, 2:25PM-2:30PM ET"
1774117611,2026-03-21 18:26:51,BUY,Down,0.47,14.0,6.58,"Ethereum Up or Down - March 21, 2:25PM-2:30PM ET"
1774117615,2026-03-21 18:26:55,BUY,Up,0.8,69.552,55.64160000000001,"Bitcoin Up or Down - March 21, 2:25PM-2:30PM ET"
1774117615,2026-03-21 18:26:55,BUY,Up,0.79,44.76,35.3604,"Bitcoin Up or Down - March 21, 2:25PM-2:30PM ET"
1774117615,2026-03-21 18:26:55,BUY,Up,0.78,15.0,11.700000000000001,"Bitcoin Up or Down - March 21, 2:25PM-2:30PM ET"
1774117615,2026-03-21 18:26:55,BUY,Up,0.78,22.125909999999998,17.2582098,"Bitcoin Up or Down - March 21, 2:25PM-2:30PM ET"
1774117615,2026-03-21 18:26:55,BUY,Up,0.79,25.066339999999997,19.8024086,"Bitcoin Up or Down - March 21, 2:25PM-2:30PM ET"
1774117615,2026-03-21 18:26:55,BUY,Up,0.78,12.39,9.664200000000001,"Bitcoin Up or Down - March 21, 2:25PM-2:30PM ET"
1774117615,2026-03-21 18:26:55,BUY,Up,0.7800000643902565,9.31818,7.268181,"Bitcoin Up or Down - March 21, 2:25PM-2:30PM ET"
1774117615,2026-03-21 18:26:55,BUY,Up,0.78,5.0,3.9000000000000004,"Bitcoin Up or Down - March 21, 2:25PM-2:30PM ET"
1774117615,2026-03-21 18:26:55,BUY,Up,0.78,6.0,4.68,"Bitcoin Up or Down - March 21, 2:25PM-2:30PM ET"
1774117617,2026-03-21 18:26:57,BUY,Up,0.77,24.39,18.7803,"Bitcoin Up or Down - March 21, 2:25PM-2:30PM ET"
1774117617,2026-03-21 18:26:57,BUY,Up,0.7918621973929236,26.66766,21.117111846927376,"Bitcoin Up or Down - March 21, 2:25PM-2:30PM ET"
1774117617,2026-03-21 18:26:57,BUY,Up,0.8,15.6,12.48,"Bitcoin Up or Down - March 21, 2:25PM-2:30PM ET"
1774117617,2026-03-21 18:26:57,BUY,Up,0.78,0.74,0.5772,"Bitcoin Up or Down - March 21, 2:25PM-2:30PM ET"
1774117617,2026-03-21 18:26:57,BUY,Up,0.8100000141395355,45.263156,36.663157000000005,"Bitcoin Up or Down - March 21, 2:25PM-2:30PM ET"
1774117617,2026-03-21 18:26:57,BUY,Up,0.8,1.8,1.4400000000000002,"Bitcoin Up or Down - March 21, 2:25PM-2:30PM ET"
1774117617,2026-03-21 18:26:57,BUY,Up,0.8,62.7,50.160000000000004,"Bitcoin Up or Down - March 21, 2:25PM-2:30PM ET"
1774117617,2026-03-21 18:26:57,BUY,Up,0.78,5.0,3.9000000000000004,"Bitcoin Up or Down - March 21, 2:25PM-2:30PM ET"
1774117617,2026-03-21 18:26:57,BUY,Up,0.78,15.0,11.700000000000001,"Bitcoin Up or Down - March 21, 2:25PM-2:30PM ET"
1774117617,2026-03-21 18:26:57,BUY,Up,0.7800000141777784,40.909089,31.90909,"Bitcoin Up or Down - March 21, 2:25PM-2:30PM ET"
1774117617,2026-03-21 18:26:57,BUY,Up,0.78,5.0,3.9000000000000004,"Bitcoin Up or Down - March 21, 2:25PM-2:30PM ET"
1774117617,2026-03-21 18:26:57,BUY,Up,0.8,5.5,4.4,"Bitcoin Up or Down - March 21, 2:25PM-2:30PM ET"
1774117617,2026-03-21 18:26:57,BUY,Up,0.77,37.0,28.490000000000002,"Bitcoin Up or Down - March 21, 2:25PM-2:30PM ET"
1774117617,2026-03-21 18:26:57,BUY,Up,0.77,1.92,1.4784,"Bitcoin Up or Down - March 21, 2:25PM-2:30PM ET"
1774117617,2026-03-21 18:26:57,BUY,Up,0.77,2.29,1.7633,"Bitcoin Up or Down - March 21, 2:25PM-2:30PM ET"
1774117619,2026-03-21 18:26:59,BUY,Up,0.79,15.53,12.2687,"Bitcoin Up or Down - March 21, 2:25PM-2:30PM ET"
1774117619,2026-03-21 18:26:59,BUY,Up,0.7900000140000005,45.714284,36.114285,"Bitcoin Up or Down - March 21, 2:25PM-2:30PM ET"
1774117619,2026-03-21 18:26:59,BUY,Up,0.79,8.75,6.9125000000000005,"Bitcoin Up or Down - March 21, 2:25PM-2:30PM ET"
1774117619,2026-03-21 18:26:59,BUY,Up,0.78,19.73,15.3894,"Bitcoin Up or Down - March 21, 2:25PM-2:30PM ET"
1774117619,2026-03-21 18:26:59,BUY,Up,0.8,37.0,29.6,"Bitcoin Up or Down - March 21, 2:25PM-2:30PM ET"
1774117619,2026-03-21 18:26:59,BUY,Up,0.8,5.0,4.0,"Bitcoin Up or Down - March 21, 2:25PM-2:30PM ET"
1774117619,2026-03-21 18:26:59,BUY,Up,0.82,12.899360000000001,10.5774752,"Bitcoin Up or Down - March 21, 2:25PM-2:30PM ET"
1774117619,2026-03-21 18:26:59,BUY,Up,0.8,10.0,8.0,"Bitcoin Up or Down - March 21, 2:25PM-2:30PM ET"
1774117619,2026-03-21 18:26:59,BUY,Up,0.81,5.0,4.050000000000001,"Bitcoin Up or Down - March 21, 2:25PM-2:30PM ET"
1774117619,2026-03-21 18:26:59,BUY,Up,0.82,5.0,4.1,"Bitcoin Up or Down - March 21, 2:25PM-2:30PM ET"
1774117619,2026-03-21 18:26:59,BUY,Up,0.8,10.66,8.528,"Bitcoin Up or Down - March 21, 2:25PM-2:30PM ET"
1774117619,2026-03-21 18:26:59,BUY,Up,0.8,4.58,3.664,"Bitcoin Up or Down - March 21, 2:25PM-2:30PM ET"
1774117619,2026-03-21 18:26:59,BUY,Up,0.8,5.0,4.0,"Bitcoin Up or Down - March 21, 2:25PM-2:30PM ET"
1774117621,2026-03-21 18:27:01,BUY,Down,0.38000001771428804,10.161289,3.8612900000000003,"Ethereum Up or Down - March 21, 2:25PM-2:30PM ET"
1774117623,2026-03-21 18:27:03,BUY,Down,0.22562428571428572,69.46579,15.673169250328572,"Bitcoin Up or Down - March 21, 2:25PM-2:30PM ET"
1774117623,2026-03-21 18:27:03,BUY,Down,0.2198857142857143,69.48507,15.278774249142856,"Bitcoin Up or Down - March 21, 2:25PM-2:30PM ET"
1774117623,2026-03-21 18:27:03,BUY,Down,0.22,69.48469,15.2866318,"Bitcoin Up or Down - March 21, 2:25PM-2:30PM ET"
1774117625,2026-03-21 18:27:05,BUY,Down,0.38000007026670557,4.838707,1.8387090000000001,"Ethereum Up or Down - March 21, 2:25PM-2:30PM ET"
1774117625,2026-03-21 18:27:05,BUY,Down,0.22000000375903883,5.320509,1.170512,"Bitcoin Up or Down - March 21, 2:25PM-2:30PM ET"
1774117625,2026-03-21 18:27:05,BUY,Down,0.22000000375903883,5.320509,1.170512,"Bitcoin Up or Down - March 21, 2:25PM-2:30PM ET"
1774117625,2026-03-21 18:27:05,BUY,Down,0.22,3.86,0.8492,"Bitcoin Up or Down - March 21, 2:25PM-2:30PM ET"
1774117625,2026-03-21 18:27:05,BUY,Down,0.23,69.45113,15.973759900000003,"Bitcoin Up or Down - March 21, 2:25PM-2:30PM ET"
1774117625,2026-03-21 18:27:05,BUY,Down,0.22,2.09,0.4598,"Bitcoin Up or Down - March 21, 2:25PM-2:30PM ET"
1774117625,2026-03-21 18:27:05,BUY,Down,0.22000000380487897,5.256409,1.15641,"Bitcoin Up or Down - March 21, 2:25PM-2:30PM ET"
1774117625,2026-03-21 18:27:05,BUY,Down,0.22,1.27,0.2794,"Bitcoin Up or Down - March 21, 2:25PM-2:30PM ET"
1774117625,2026-03-21 18:27:05,BUY,Down,0.22000000984848597,10.153845,2.233846,"Bitcoin Up or Down - March 21, 2:25PM-2:30PM ET"
1774117625,2026-03-21 18:27:05,BUY,Down,0.22,1.65,0.363,"Bitcoin Up or Down - March 21, 2:25PM-2:30PM ET"
1774117625,2026-03-21 18:27:05,BUY,Down,0.22,6.5,1.43,"Bitcoin Up or Down - March 21, 2:25PM-2:30PM ET"
1774117625,2026-03-21 18:27:05,BUY,Down,0.22,1.25,0.275,"Bitcoin Up or Down - March 21, 2:25PM-2:30PM ET"
1774117625,2026-03-21 18:27:05,BUY,Down,0.22,27.3,6.006,"Bitcoin Up or Down - March 21, 2:25PM-2:30PM ET"
1774117625,2026-03-21 18:27:05,BUY,Down,0.22,69.48469,15.2866318,"Bitcoin Up or Down - March 21, 2:25PM-2:30PM ET"
1774117625,2026-03-21 18:27:05,BUY,Down,0.3800007412138903,0.458707,0.174309,"Ethereum Up or Down - March 21, 2:25PM-2:30PM ET"
1774117629,2026-03-21 18:27:09,BUY,Up,0.79,18.97851,14.993022900000001,"Bitcoin Up or Down - March 21, 2:25PM-2:30PM ET"
1774117635,2026-03-21 18:27:15,BUY,Down,0.1500000850003315,1.176466,0.17647,"Bitcoin Up or Down - March 21, 2:25PM-2:30PM ET"
1774117635,2026-03-21 18:27:15,BUY,Down,0.15,16.62,2.493,"Bitcoin Up or Down - March 21, 2:25PM-2:30PM ET"
1774117641,2026-03-21 18:27:21,BUY,Up,0.85,7.69,6.5365,"Bitcoin Up or Down - March 21, 2:25PM-2:30PM ET"
1774117641,2026-03-21 18:27:21,BUY,Up,0.8500000154109595,48.666665,41.366666,"Bitcoin Up or Down - March 21, 2:25PM-2:30PM ET"
1774117643,2026-03-21 18:27:23,BUY,Up,0.85,13.64,11.594,"Bitcoin Up or Down - March 21, 2:25PM-2:30PM ET"
1774117643,2026-03-21 18:27:23,BUY,Down,0.15,60.0,9.0,"Bitcoin Up or Down - March 21, 2:25PM-2:30PM ET"
1774117643,2026-03-21 18:27:23,BUY,Down,0.1400000049425344,4.046507,0.566511,"Bitcoin Up or Down - March 21, 2:25PM-2:30PM ET"
1774117643,2026-03-21 18:27:23,BUY,Down,0.15,9.95936,1.493904,"Bitcoin Up or Down - March 21, 2:25PM-2:30PM ET"
1774117643,2026-03-21 18:27:23,BUY,Down,0.24,9.0,2.16,"Ethereum Up or Down - March 21, 2:25PM-2:30PM ET"
1774117643,2026-03-21 18:27:23,BUY,Down,0.14,26.68,3.7352000000000003,"Bitcoin Up or Down - March 21, 2:25PM-2:30PM ET"
1774117643,2026-03-21 18:27:23,BUY,Down,0.1400000049425344,4.046507,0.566511,"Bitcoin Up or Down - March 21, 2:25PM-2:30PM ET"
1774117643,2026-03-21 18:27:23,BUY,Down,0.1400000049425344,4.046507,0.566511,"Bitcoin Up or Down - March 21, 2:25PM-2:30PM ET"
1774117643,2026-03-21 18:27:23,BUY,Down,0.1400000049425344,4.046507,0.566511,"Bitcoin Up or Down - March 21, 2:25PM-2:30PM ET"
1774117643,2026-03-21 18:27:23,BUY,Down,0.1400000049425344,4.046507,0.566511,"Bitcoin Up or Down - March 21, 2:25PM-2:30PM ET"
1774117643,2026-03-21 18:27:23,BUY,Down,0.14000000977274937,2.046507,0.286511,"Bitcoin Up or Down - March 21, 2:25PM-2:30PM ET"
1774117643,2026-03-21 18:27:23,BUY,Down,0.14000000977274937,2.046507,0.286511,"Bitcoin Up or Down - March 21, 2:25PM-2:30PM ET"
1774117643,2026-03-21 18:27:23,BUY,Down,0.14000000977274937,2.046507,0.286511,"Bitcoin Up or Down - March 21, 2:25PM-2:30PM ET"
1774117643,2026-03-21 18:27:23,BUY,Down,0.14000000977274937,2.046507,0.286511,"Bitcoin Up or Down - March 21, 2:25PM-2:30PM ET"
1774117643,2026-03-21 18:27:23,BUY,Down,0.14000000977274937,2.046507,0.286511,"Bitcoin Up or Down - March 21, 2:25PM-2:30PM ET"
1774117645,2026-03-21 18:27:25,BUY,Down,0.12,5.65,0.678,"Bitcoin Up or Down - March 21, 2:25PM-2:30PM ET"
1774117645,2026-03-21 18:27:25,BUY,Down,0.12,40.0,4.8,"Bitcoin Up or Down - March 21, 2:25PM-2:30PM ET"
1774117645,2026-03-21 18:27:25,BUY,Down,0.12,3.63,0.4356,"Bitcoin Up or Down - March 21, 2:25PM-2:30PM ET"
1774117645,2026-03-21 18:27:25,BUY,Down,0.12000000352000104,11.363633,1.3636359999999998,"Bitcoin Up or Down - March 21, 2:25PM-2:30PM ET"
1774117645,2026-03-21 18:27:25,BUY,Down,0.12,8.0,0.96,"Bitcoin Up or Down - March 21, 2:25PM-2:30PM ET"
1774117645,2026-03-21 18:27:25,BUY,Down,0.12000002983053275,1.340908,0.160909,"Bitcoin Up or Down - March 21, 2:25PM-2:30PM ET"
1774117645,2026-03-21 18:27:25,BUY,Down,0.13,70.0,9.1,"Bitcoin Up or Down - March 21, 2:25PM-2:30PM ET"
1774117647,2026-03-21 18:27:27,BUY,Down,0.12,70.0,8.4,"Bitcoin Up or Down - March 21, 2:25PM-2:30PM ET"
1774117653,2026-03-21 18:27:33,,,0.0,1193.442618,0.0,"Bitcoin Up or Down - March 21, 2:25PM-2:30PM ET"
1774117687,2026-03-21 18:28:07,BUY,Up,0.86,16.81,14.456599999999998,"Bitcoin Up or Down - March 21, 2:25PM-2:30PM ET"
1774117687,2026-03-21 18:28:07,BUY,Up,0.86,53.19,45.743399999999994,"Bitcoin Up or Down - March 21, 2:25PM-2:30PM ET"
1774117687,2026-03-21 18:28:07,BUY,Up,0.8600001176000188,7.142856,6.142857,"Bitcoin Up or Down - March 21, 2:25PM-2:30PM ET"
1774117687,2026-03-21 18:28:07,BUY,Up,0.86,70.0,60.199999999999996,"Bitcoin Up or Down - March 21, 2:25PM-2:30PM ET"
1774117689,2026-03-21 18:28:09,BUY,Up,0.85,56.4,47.94,"Bitcoin Up or Down - March 21, 2:25PM-2:30PM ET"
1774117689,2026-03-21 18:28:09,BUY,Up,0.86,62.85,54.051,"Bitcoin Up or Down - March 21, 2:25PM-2:30PM ET"
1774117691,2026-03-21 18:28:11,BUY,Up,0.86,69.74632,59.9818352,"Bitcoin Up or Down - March 21, 2:25PM-2:30PM ET"
1774117691,2026-03-21 18:28:11,BUY,Up,0.85,6.86,5.831,"Bitcoin Up or Down - March 21, 2:25PM-2:30PM ET"
1774117691,2026-03-21 18:28:11,BUY,Up,0.86,69.74632,59.9818352,"Bitcoin Up or Down - March 21, 2:25PM-2:30PM ET"
1774117695,2026-03-21 18:28:15,BUY,Down,0.14,5.78895,0.8104530000000001,"Bitcoin Up or Down - March 21, 2:25PM-2:30PM ET"
1774117695,2026-03-21 18:28:15,BUY,Down,0.15,4.97968,0.746952,"Bitcoin Up or Down - March 21, 2:25PM-2:30PM ET"
1774117697,2026-03-21 18:28:17,BUY,Up,0.81,39.26,31.8006,"Bitcoin Up or Down - March 21, 2:25PM-2:30PM ET"
1774117699,2026-03-21 18:28:19,BUY,Up,0.81,5.0,4.050000000000001,"Bitcoin Up or Down - March 21, 2:25PM-2:30PM ET"
1774117699,2026-03-21 18:28:19,BUY,Up,0.81,15.0,12.15,"Bitcoin Up or Down - March 21, 2:25PM-2:30PM ET"
1774117701,2026-03-21 18:28:21,BUY,Up,0.8,70.0,56.0,"Bitcoin Up or Down - March 21, 2:25PM-2:30PM ET"
1774117701,2026-03-21 18:28:21,BUY,Up,0.79,34.75918,27.4597522,"Bitcoin Up or Down - March 21, 2:25PM-2:30PM ET"
1774117707,2026-03-21 18:28:27,BUY,Down,0.24,17.0,4.08,"Bitcoin Up or Down - March 21, 2:25PM-2:30PM ET"
1774117707,2026-03-21 18:28:27,BUY,Up,0.47,49.22437,23.135453899999998,"Ethereum Up or Down - March 21, 2:25PM-2:30PM ET"
1774117707,2026-03-21 18:28:27,BUY,Up,0.46,49.22872,22.645211200000002,"Ethereum Up or Down - March 21, 2:25PM-2:30PM ET"
1774117707,2026-03-21 18:28:27,BUY,Down,0.24,5.0,1.2,"Bitcoin Up or Down - March 21, 2:25PM-2:30PM ET"
1774117707,2026-03-21 18:28:27,BUY,Down,0.24,6.0,1.44,"Bitcoin Up or Down - March 21, 2:25PM-2:30PM ET"
1774117707,2026-03-21 18:28:27,BUY,Up,0.45,50.0,22.5,"Ethereum Up or Down - March 21, 2:25PM-2:30PM ET"
1774117707,2026-03-21 18:28:27,BUY,Down,0.24,15.0,3.5999999999999996,"Bitcoin Up or Down - March 21, 2:25PM-2:30PM ET"
1774117707,2026-03-21 18:28:27,BUY,Down,0.24000009120017146,1.315787,0.31578900000000004,"Bitcoin Up or Down - March 21, 2:25PM-2:30PM ET"
1774117707,2026-03-21 18:28:27,BUY,Down,0.24000000902559354,8.863683,2.127284,"Bitcoin Up or Down - March 21, 2:25PM-2:30PM ET"
1774117709,2026-03-21 18:28:29,BUY,Down,0.2400000217143006,3.684208,0.8842099999999999,"Bitcoin Up or Down - March 21, 2:25PM-2:30PM ET"
1774117709,2026-03-21 18:28:29,BUY,Down,0.24,8.12,1.9487999999999996,"Bitcoin Up or Down - March 21, 2:25PM-2:30PM ET"
1774117709,2026-03-21 18:28:29,BUY,Down,0.24,5.0,1.2,"Bitcoin Up or Down - March 21, 2:25PM-2:30PM ET"
1774117711,2026-03-21 18:28:31,BUY,Up,0.72,19.95,14.363999999999999,"Bitcoin Up or Down - March 21, 2:25PM-2:30PM ET"
1774117711,2026-03-21 18:28:31,BUY,Up,0.72,50.05,36.035999999999994,"Bitcoin Up or Down - March 21, 2:25PM-2:30PM ET"
1774117713,2026-03-21 18:28:33,BUY,Up,0.46,50.0,23.0,"Ethereum Up or Down - March 21, 2:25PM-2:30PM ET"
1774117713,2026-03-21 18:28:33,BUY,Up,0.4523201856148492,21.21938,9.597953900232019,"Ethereum Up or Down - March 21, 2:25PM-2:30PM ET"
1774117721,2026-03-21 18:28:41,BUY,Up,0.62,5.35,3.3169999999999997,"Bitcoin Up or Down - March 21, 2:25PM-2:30PM ET"
1774117721,2026-03-21 18:28:41,BUY,Up,0.62,2.01,1.2461999999999998,"Bitcoin Up or Down - March 21, 2:25PM-2:30PM ET"
1774117721,2026-03-21 18:28:41,BUY,Up,0.62,5.2,3.224,"Bitcoin Up or Down - March 21, 2:25PM-2:30PM ET"
1774117721,2026-03-21 18:28:41,BUY,Up,0.62,5.22,3.2363999999999997,"Bitcoin Up or Down - March 21, 2:25PM-2:30PM ET"
1774117721,2026-03-21 18:28:41,BUY,Up,0.62,5.3,3.286,"Bitcoin Up or Down - March 21, 2:25PM-2:30PM ET"
1774117721,2026-03-21 18:28:41,BUY,Up,0.62,0.55,0.341,"Bitcoin Up or Down - March 21, 2:25PM-2:30PM ET"
1774117721,2026-03-21 18:28:41,BUY,Up,0.6129714285714286,69.01508,42.30427218057143,"Bitcoin Up or Down - March 21, 2:25PM-2:30PM ET"
1774117721,2026-03-21 18:28:41,BUY,Up,0.61,7.72,4.7092,"Bitcoin Up or Down - March 21, 2:25PM-2:30PM ET"
1774117721,2026-03-21 18:28:41,BUY,Up,0.61,6.0,3.66,"Bitcoin Up or Down - March 21, 2:25PM-2:30PM ET"
1774117721,2026-03-21 18:28:41,BUY,Up,0.61,5.17,3.1536999999999997,"Bitcoin Up or Down - March 21, 2:25PM-2:30PM ET"
1774117721,2026-03-21 18:28:41,BUY,Up,0.61,16.0,9.76,"Bitcoin Up or Down - March 21, 2:25PM-2:30PM ET"
1774117737,2026-03-21 18:28:57,BUY,Up,0.38000001204451617,23.247094,8.833896,"Ethereum Up or Down - March 21, 2:25PM-2:30PM ET"
1774117737,2026-03-21 18:28:57,BUY,Up,0.38,26.75,10.165000000000001,"Ethereum Up or Down - March 21, 2:25PM-2:30PM ET"
1774117737,2026-03-21 18:28:57,BUY,Up,0.3700000819000303,3.174602,1.174603,"Ethereum Up or Down - March 21, 2:25PM-2:30PM ET"
1774117737,2026-03-21 18:28:57,BUY,Up,0.37,6.65,2.4605,"Ethereum Up or Down - March 21, 2:25PM-2:30PM ET"
1774117737,2026-03-21 18:28:57,BUY,Up,0.37,31.23,11.5551,"Ethereum Up or Down - March 21, 2:25PM-2:30PM ET"
1774117739,2026-03-21 18:28:59,BUY,Up,0.38,3.36,1.2768,"Ethereum Up or Down - March 21, 2:25PM-2:30PM ET"
1774117749,2026-03-21 18:29:09,BUY,Up,0.33,49.38894,16.2983502,"Ethereum Up or Down - March 21, 2:25PM-2:30PM ET"
1774117749,2026-03-21 18:29:09,BUY,Down,0.67,24.69447,16.545294900000002,"Ethereum Up or Down - March 21, 2:25PM-2:30PM ET"
1774117749,2026-03-21 18:29:09,BUY,Up,0.33000000888070813,20.268654,6.688656000000001,"Ethereum Up or Down - March 21, 2:25PM-2:30PM ET"
1774117749,2026-03-21 18:29:09,BUY,Up,0.33,20.0,6.6000000000000005,"Ethereum Up or Down - March 21, 2:25PM-2:30PM ET"
1774117751,2026-03-21 18:29:11,BUY,Down,0.39000014030010804,1.639343,0.639344,"Bitcoin Up or Down - March 21, 2:25PM-2:30PM ET"
1774117751,2026-03-21 18:29:11,BUY,Down,0.38,68.54543000000001,26.047263400000006,"Bitcoin Up or Down - March 21, 2:25PM-2:30PM ET"
1774117751,2026-03-21 18:29:11,BUY,Down,0.39,69.00957,26.9137323,"Bitcoin Up or Down - March 21, 2:25PM-2:30PM ET"
1774117751,2026-03-21 18:29:11,BUY,Down,0.3700000222352999,10.793648,3.9936499999999997,"Bitcoin Up or Down - March 21, 2:25PM-2:30PM ET"
1774117751,2026-03-21 18:29:11,BUY,Up,0.3,17.2,5.159999999999999,"Ethereum Up or Down - March 21, 2:25PM-2:30PM ET"
1774117753,2026-03-21 18:29:13,BUY,Down,0.37,50.62,18.7294,"Bitcoin Up or Down - March 21, 2:25PM-2:30PM ET"
1774117753,2026-03-21 18:29:13,BUY,Down,0.39,70.0,27.3,"Bitcoin Up or Down - March 21, 2:25PM-2:30PM ET"
1774117753,2026-03-21 18:29:13,BUY,Down,0.36,5.0,1.7999999999999998,"Bitcoin Up or Down - March 21, 2:25PM-2:30PM ET"
1774117753,2026-03-21 18:29:13,BUY,Down,0.36,26.31,9.471599999999999,"Bitcoin Up or Down - March 21, 2:25PM-2:30PM ET"
1774117753,2026-03-21 18:29:13,BUY,Up,0.3100000414000389,1.449274,0.449275,"Ethereum Up or Down - March 21, 2:25PM-2:30PM ET"
1774117753,2026-03-21 18:29:13,BUY,Down,0.37,8.58,3.1746,"Bitcoin Up or Down - March 21, 2:25PM-2:30PM ET"
1774117759,2026-03-21 18:29:19,BUY,Up,0.61,70.0,42.699999999999996,"Bitcoin Up or Down - March 21, 2:25PM-2:30PM ET"
1774117765,2026-03-21 18:29:25,BUY,Down,0.35,20.66,7.231,"Bitcoin Up or Down - March 21, 2:25PM-2:30PM ET"
1774117767,2026-03-21 18:29:27,BUY,Down,0.34,18.0,6.12,"Bitcoin Up or Down - March 21, 2:25PM-2:30PM ET"
1774117767,2026-03-21 18:29:27,BUY,Down,0.34,1.51515,0.515151,"Bitcoin Up or Down - March 21, 2:25PM-2:30PM ET"
1774117767,2026-03-21 18:29:27,BUY,Down,0.34000000088000004,45.454544,15.454545,"Bitcoin Up or Down - March 21, 2:25PM-2:30PM ET"
1774117767,2026-03-21 18:29:27,BUY,Down,0.34,1.51515,0.515151,"Bitcoin Up or Down - March 21, 2:25PM-2:30PM ET"
1774117767,2026-03-21 18:29:27,BUY,Down,0.34000001144641473,3.494544,1.1881449999999998,"Bitcoin Up or Down - March 21, 2:25PM-2:30PM ET"
1774117771,2026-03-21 18:29:31,BUY,Down,0.3300000025601313,58.590745,19.334946,"Bitcoin Up or Down - March 21, 2:25PM-2:30PM ET"
1774117771,2026-03-21 18:29:31,BUY,Up,0.7,69.22825,48.459775,"Bitcoin Up or Down - March 21, 2:25PM-2:30PM ET"
1774117771,2026-03-21 18:29:31,BUY,Up,0.68,5.0,3.4000000000000004,"Bitcoin Up or Down - March 21, 2:25PM-2:30PM ET"
1774117771,2026-03-21 18:29:31,BUY,Down,0.690000015813545,36.677418,25.307419,"Ethereum Up or Down - March 21, 2:25PM-2:30PM ET"
1774117771,2026-03-21 18:29:31,BUY,Up,0.6300000092542969,52.948377,33.357478,"Bitcoin Up or Down - March 21, 2:25PM-2:30PM ET"
1774117773,2026-03-21 18:29:33,BUY,Up,0.71,33.35272,23.680431199999997,"Bitcoin Up or Down - March 21, 2:25PM-2:30PM ET"
1774117773,2026-03-21 18:29:33,BUY,Up,0.7,69.22825,48.459775,"Bitcoin Up or Down - March 21, 2:25PM-2:30PM ET"
1774117773,2026-03-21 18:29:33,BUY,Up,0.71,36.29,25.7659,"Bitcoin Up or Down - March 21, 2:25PM-2:30PM ET"
1774117773,2026-03-21 18:29:33,BUY,Up,0.71,12.58519,8.9354849,"Bitcoin Up or Down - March 21, 2:25PM-2:30PM ET"
1774117775,2026-03-21 18:29:35,,,0.0,732.406532,0.0,"Bitcoin Up or Down - March 21, 2:25PM-2:30PM ET"
1774117775,2026-03-21 18:29:35,BUY,Up,0.36,22.99,8.276399999999999,"Ethereum Up or Down - March 21, 2:25PM-2:30PM ET"
1774117775,2026-03-21 18:29:35,BUY,Up,0.73,42.176370000000006,30.788750100000005,"Bitcoin Up or Down - March 21, 2:25PM-2:30PM ET"
1774117775,2026-03-21 18:29:35,BUY,Down,0.56,49.24109,27.575010400000004,"Ethereum Up or Down - March 21, 2:25PM-2:30PM ET"
1774117777,2026-03-21 18:29:37,BUY,Down,0.65,49.35305,32.079482500000005,"Ethereum Up or Down - March 21, 2:25PM-2:30PM ET"
1774117779,2026-03-21 18:29:39,BUY,Down,0.22,70.0,15.4,"Bitcoin Up or Down - March 21, 2:25PM-2:30PM ET"
1774117779,2026-03-21 18:29:39,BUY,Down,0.2,7.0,1.4000000000000001,"Bitcoin Up or Down - March 21, 2:25PM-2:30PM ET"
1774117779,2026-03-21 18:29:39,BUY,Down,0.2,4.93,0.986,"Bitcoin Up or Down - March 21, 2:25PM-2:30PM ET"
1774117779,2026-03-21 18:29:39,BUY,Down,0.21,70.0,14.7,"Bitcoin Up or Down - March 21, 2:25PM-2:30PM ET"
1774117781,2026-03-21 18:29:41,BUY,Down,0.19,70.0,13.3,"Bitcoin Up or Down - March 21, 2:25PM-2:30PM ET"
1774117783,2026-03-21 18:29:43,BUY,Down,0.19,69.58551,13.2212469,"Bitcoin Up or Down - March 21, 2:25PM-2:30PM ET"
1774117783,2026-03-21 18:29:43,BUY,Down,0.15,10.0,1.5,"Bitcoin Up or Down - March 21, 2:25PM-2:30PM ET"
1774117783,2026-03-21 18:29:43,BUY,Down,0.15,32.0,4.8,"Bitcoin Up or Down - March 21, 2:25PM-2:30PM ET"
1774117783,2026-03-21 18:29:43,BUY,Down,0.1500000850003315,1.176466,0.17647,"Bitcoin Up or Down - March 21, 2:25PM-2:30PM ET"
1774117783,2026-03-21 18:29:43,BUY,Down,0.15,19.55294,2.932941,"Bitcoin Up or Down - March 21, 2:25PM-2:30PM ET"
1774117783,2026-03-21 18:29:43,BUY,Down,0.15000001700002005,5.882346,0.8823519999999999,"Bitcoin Up or Down - March 21, 2:25PM-2:30PM ET"
1774117783,2026-03-21 18:29:43,BUY,Up,0.8100000431481592,15.527893,12.577594,"Bitcoin Up or Down - March 21, 2:25PM-2:30PM ET"
1774117783,2026-03-21 18:29:43,BUY,Down,0.1500000850003315,1.176466,0.17647,"Bitcoin Up or Down - March 21, 2:25PM-2:30PM ET"
1774117783,2026-03-21 18:29:43,BUY,Down,0.15,28.0,4.2,"Bitcoin Up or Down - March 21, 2:25PM-2:30PM ET"
1774117787,2026-03-21 18:29:47,BUY,Down,0.12000000452372499,17.684541,2.1221449999999997,"Bitcoin Up or Down - March 21, 2:25PM-2:30PM ET"
1774117787,2026-03-21 18:29:47,BUY,Down,0.19,13.43,2.5517,"Bitcoin Up or Down - March 21, 2:25PM-2:30PM ET"
1774117787,2026-03-21 18:29:47,BUY,Down,0.19,11.32,2.1508000000000003,"Bitcoin Up or Down - March 21, 2:25PM-2:30PM ET"
1774117787,2026-03-21 18:29:47,BUY,Down,0.19,26.11,4.9609,"Bitcoin Up or Down - March 21, 2:25PM-2:30PM ET"
1774117787,2026-03-21 18:29:47,BUY,Down,0.19,19.14,3.6366,"Bitcoin Up or Down - March 21, 2:25PM-2:30PM ET"
1774117787,2026-03-21 18:29:47,BUY,Down,0.2,49.375,9.875,"Bitcoin Up or Down - March 21, 2:25PM-2:30PM ET"
1774117787,2026-03-21 18:29:47,BUY,Down,0.14,69.74632,9.7644848,"Bitcoin Up or Down - March 21, 2:25PM-2:30PM ET"
1774117787,2026-03-21 18:29:47,BUY,Down,0.89,24.29166,21.6195774,"Ethereum Up or Down - March 21, 2:25PM-2:30PM ET"
1774117787,2026-03-21 18:29:47,BUY,Down,0.19000004860007486,3.086415,0.586419,"Bitcoin Up or Down - March 21, 2:25PM-2:30PM ET"
1774117789,2026-03-21 18:29:49,BUY,Down,0.21,2.74,0.5754,"Bitcoin Up or Down - March 21, 2:25PM-2:30PM ET"
1774117789,2026-03-21 18:29:49,BUY,Down,0.2,14.53,2.906,"Bitcoin Up or Down - March 21, 2:25PM-2:30PM ET"
1774117789,2026-03-21 18:29:49,BUY,Down,0.19,5.1,0.969,"Bitcoin Up or Down - March 21, 2:25PM-2:30PM ET"
1774117789,2026-03-21 18:29:49,BUY,Down,0.23,6.0,1.3800000000000001,"Bitcoin Up or Down - March 21, 2:25PM-2:30PM ET"
1774117789,2026-03-21 18:29:49,BUY,Up,0.71,5.67,4.0257,"Bitcoin Up or Down - March 21, 2:25PM-2:30PM ET"
1774117789,2026-03-21 18:29:49,BUY,Down,0.96,49.741659999999996,47.75199359999999,"Ethereum Up or Down - March 21, 2:25PM-2:30PM ET"
1774117789,2026-03-21 18:29:49,BUY,Up,0.71,2.29,1.6259,"Bitcoin Up or Down - March 21, 2:25PM-2:30PM ET"
1774117789,2026-03-21 18:29:49,BUY,Up,0.72,69.28876,49.887907199999994,"Bitcoin Up or Down - March 21, 2:25PM-2:30PM ET"
1774117789,2026-03-21 18:29:49,BUY,Up,0.7100000617419423,10.689654,7.589655000000001,"Bitcoin Up or Down - March 21, 2:25PM-2:30PM ET"
1774117789,2026-03-21 18:29:49,BUY,Down,0.94,24.35,22.889,"Ethereum Up or Down - March 21, 2:25PM-2:30PM ET"
1774117789,2026-03-21 18:29:49,BUY,Up,0.79,69.51836,54.9195044,"Bitcoin Up or Down - March 21, 2:25PM-2:30PM ET"
1774117791,2026-03-21 18:29:51,BUY,Down,0.23000001232000472,6.493504,1.4935059999999998,"Bitcoin Up or Down - March 21, 2:25PM-2:30PM ET"
1774117791,2026-03-21 18:29:51,BUY,Down,0.23,2.67,0.6141,"Bitcoin Up or Down - March 21, 2:25PM-2:30PM ET"
1774117791,2026-03-21 18:29:51,BUY,Down,0.23000001232000472,12.987008,2.9870119999999996,"Bitcoin Up or Down - March 21, 2:25PM-2:30PM ET"
1774117791,2026-03-21 18:29:51,BUY,Down,0.23,2.59,0.5957,"Bitcoin Up or Down - March 21, 2:25PM-2:30PM ET"
1774117791,2026-03-21 18:29:51,BUY,Down,0.22,28.0,6.16,"Bitcoin Up or Down - March 21, 2:25PM-2:30PM ET"
1774117791,2026-03-21 18:29:51,BUY,Down,0.22000002340000516,5.128204,1.1282050000000001,"Bitcoin Up or Down - March 21, 2:25PM-2:30PM ET"
1774117791,2026-03-21 18:29:51,BUY,Down,0.97,2.64,2.5608,"Ethereum Up or Down - March 21, 2:25PM-2:30PM ET"
1774117791,2026-03-21 18:29:51,BUY,Down,0.22,1.28205,0.282051,"Bitcoin Up or Down - March 21, 2:25PM-2:30PM ET"
1774117791,2026-03-21 18:29:51,BUY,Down,0.22,0.17,0.0374,"Bitcoin Up or Down - March 21, 2:25PM-2:30PM ET"
1774117793,2026-03-21 18:29:53,BUY,Up,0.7700001725000432,4.347825,3.3478260000000004,"Bitcoin Up or Down - March 21, 2:25PM-2:30PM ET"
1774117793,2026-03-21 18:29:53,BUY,Up,0.75,70.0,52.5,"Bitcoin Up or Down - March 21, 2:25PM-2:30PM ET"
1774117795,2026-03-21 18:29:55,BUY,Up,0.770000030820002,21.739129,16.73913,"Bitcoin Up or Down - March 21, 2:25PM-2:30PM ET"
1774117795,2026-03-21 18:29:55,BUY,Down,0.15546875,63.72418,9.907118609374999,"Bitcoin Up or Down - March 21, 2:25PM-2:30PM ET"
1774117795,2026-03-21 18:29:55,BUY,Down,0.17,6.0,1.02,"Bitcoin Up or Down - March 21, 2:25PM-2:30PM ET"
1774117797,2026-03-21 18:29:57,BUY,Down,0.1500000071548845,6.988233,1.048235,"Bitcoin Up or Down - March 21, 2:25PM-2:30PM ET"
1774117797,2026-03-21 18:29:57,BUY,Down,0.15,11.7647,1.764705,"Bitcoin Up or Down - March 21, 2:25PM-2:30PM ET"
1774117797,2026-03-21 18:29:57,BUY,Down,0.13000003812754912,2.885053,0.375057,"Bitcoin Up or Down - March 21, 2:25PM-2:30PM ET"
1774117797,2026-03-21 18:29:57,BUY,Down,0.13,5.0,0.65,"Bitcoin Up or Down - March 21, 2:25PM-2:30PM ET"
1774117797,2026-03-21 18:29:57,BUY,Down,0.13000001338467695,1.494246,0.194252,"Bitcoin Up or Down - March 21, 2:25PM-2:30PM ET"
1774117807,2026-03-21 18:30:07,,,0.0,642.264274,0.0,"Ethereum Up or Down - March 21, 2:25PM-2:30PM ET"
1774117807,2026-03-21 18:30:07,,,0.0,675.683713,0.0,"Bitcoin Up or Down - March 21, 2:25PM-2:30PM ET"
1774117835,2026-03-21 18:30:35,BUY,Up,0.45,3.0,1.35,"Bitcoin Up or Down - March 21, 2:30PM-2:35PM ET"
1774117835,2026-03-21 18:30:35,BUY,Up,0.45,5.35,2.4074999999999998,"Bitcoin Up or Down - March 21, 2:30PM-2:35PM ET"
1774117835,2026-03-21 18:30:35,BUY,Up,0.46,70.0,32.2,"Bitcoin Up or Down - March 21, 2:30PM-2:35PM ET"
1774117837,2026-03-21 18:30:37,BUY,Up,0.4500000413622748,8.461817,3.8078179999999997,"Bitcoin Up or Down - March 21, 2:30PM-2:35PM ET"
1774117843,2026-03-21 18:30:43,BUY,Down,0.52,48.23683,25.0831516,"Ethereum Up or Down - March 21, 2:30PM-2:35PM ET"
1774117845,2026-03-21 18:30:45,BUY,Down,0.54,68.92021,37.2169134,"Bitcoin Up or Down - March 21, 2:30PM-2:35PM ET"
1774117893,2026-03-21 18:31:33,BUY,Up,0.5,7.0,3.5,"Ethereum Up or Down - March 21, 2:30PM-2:35PM ET"
1774117893,2026-03-21 18:31:33,BUY,Up,0.5,42.07219,21.036095,"Ethereum Up or Down - March 21, 2:30PM-2:35PM ET"
1774117895,2026-03-21 18:31:35,BUY,Up,0.5,0.26,0.13,"Ethereum Up or Down - March 21, 2:30PM-2:35PM ET"
1774117915,2026-03-21 18:31:55,BUY,Down,0.55,9.25,5.0875,"Bitcoin Up or Down - March 21, 2:30PM-2:35PM ET"
1774117915,2026-03-21 18:31:55,BUY,Down,0.5500002025001114,2.222221,1.222222,"Bitcoin Up or Down - March 21, 2:30PM-2:35PM ET"
1774117915,2026-03-21 18:31:55,BUY,Down,0.5500000085442175,58.51911,32.185511000000005,"Bitcoin Up or Down - March 21, 2:30PM-2:35PM ET"
1774117947,2026-03-21 18:32:27,BUY,Up,0.41,70.0,28.7,"Bitcoin Up or Down - March 21, 2:30PM-2:35PM ET"
1774117963,2026-03-21 18:32:43,BUY,Up,0.54,12.0512,6.5076480000000005,"Ethereum Up or Down - March 21, 2:30PM-2:35PM ET"
1774117967,2026-03-21 18:32:47,BUY,Up,0.55,16.84798,9.266389,"Ethereum Up or Down - March 21, 2:30PM-2:35PM ET"
1774117969,2026-03-21 18:32:49,BUY,Up,0.4,1.666665,0.6666660000000001,"Bitcoin Up or Down - March 21, 2:30PM-2:35PM ET"
1774117969,2026-03-21 18:32:49,BUY,Up,0.4,14.0,5.6000000000000005,"Bitcoin Up or Down - March 21, 2:30PM-2:35PM ET"
1774117969,2026-03-21 18:32:49,BUY,Up,0.4,0.4,0.16000000000000003,"Bitcoin Up or Down - March 21, 2:30PM-2:35PM ET"
1774117969,2026-03-21 18:32:49,BUY,Up,0.40000002400000384,8.333332,3.333333,"Bitcoin Up or Down - March 21, 2:30PM-2:35PM ET"
1774117971,2026-03-21 18:32:51,BUY,Up,0.40000002400000384,8.333332,3.333333,"Bitcoin Up or Down - March 21, 2:30PM-2:35PM ET"
1774117983,2026-03-21 18:33:03,BUY,Down,0.5900000101964687,56.882438,33.560639,"Bitcoin Up or Down - March 21, 2:30PM-2:35PM ET"
1774117995,2026-03-21 18:33:15,BUY,Down,0.56,7.44,4.1664,"Bitcoin Up or Down - March 21, 2:30PM-2:35PM ET"
1774118003,2026-03-21 18:33:23,BUY,Down,0.28,10.1,2.8280000000000003,"Bitcoin Up or Down - March 21, 2:30PM-2:35PM ET"
1774118003,2026-03-21 18:33:23,BUY,Down,0.28,4.66,1.3048000000000002,"Bitcoin Up or Down - March 21, 2:30PM-2:35PM ET"
1774118003,2026-03-21 18:33:23,BUY,Down,0.29,69.2581,20.084849,"Bitcoin Up or Down - March 21, 2:30PM-2:35PM ET"
1774118003,2026-03-21 18:33:23,BUY,Down,0.28,9.625,2.6950000000000003,"Bitcoin Up or Down - March 21, 2:30PM-2:35PM ET"
1774118003,2026-03-21 18:33:23,BUY,Down,0.28,10.1,2.8280000000000003,"Bitcoin Up or Down - March 21, 2:30PM-2:35PM ET"
1774118003,2026-03-21 18:33:23,BUY,Down,0.28,1.5,0.42000000000000004,"Bitcoin Up or Down - March 21, 2:30PM-2:35PM ET"
1774118003,2026-03-21 18:33:23,BUY,Down,0.2800000242833085,8.23611,2.306111,"Bitcoin Up or Down - March 21, 2:30PM-2:35PM ET"
1774118003,2026-03-21 18:33:23,BUY,Down,0.28,10.1,2.8280000000000003,"Bitcoin Up or Down - March 21, 2:30PM-2:35PM ET"
1774118003,2026-03-21 18:33:23,BUY,Down,0.2800001661541273,1.444442,0.40444399999999997,"Bitcoin Up or Down - March 21, 2:30PM-2:35PM ET"
1774118003,2026-03-21 18:33:23,BUY,Down,0.2800000503057173,3.180553,0.8905550000000001,"Bitcoin Up or Down - March 21, 2:30PM-2:35PM ET"
1774118003,2026-03-21 18:33:23,BUY,Down,0.2800000270676834,7.388885,2.068888,"Bitcoin Up or Down - March 21, 2:30PM-2:35PM ET"
1774118005,2026-03-21 18:33:25,BUY,Down,0.2700015623446532,0.070407,0.01901,"Bitcoin Up or Down - March 21, 2:30PM-2:35PM ET"
1774118005,2026-03-21 18:33:25,BUY,Down,0.2700000059876971,40.082188,10.822191,"Bitcoin Up or Down - March 21, 2:30PM-2:35PM ET"
1774118005,2026-03-21 18:33:25,BUY,Down,0.27000007786676217,3.082188,0.8321909999999999,"Bitcoin Up or Down - March 21, 2:30PM-2:35PM ET"
1774118005,2026-03-21 18:33:25,BUY,Down,0.26,70.0,18.2,"Bitcoin Up or Down - March 21, 2:30PM-2:35PM ET"
1774118005,2026-03-21 18:33:25,BUY,Down,0.26,5.0,1.3,"Bitcoin Up or Down - March 21, 2:30PM-2:35PM ET"
