timestamp,time_utc,side,outcome,price,size,usdc,market
1774117113,2026-03-21 18:18:33,BUY,Up,0.34000001805970326,12.181817,4.141818000000001,"Ethereum Up or Down - March 21, 2:15PM-2:20PM ET"
1774117113,2026-03-21 18:18:33,BUY,Up,0.2999999121951048,6.758002,2.027400006614343,"Solana Up or Down - March 21, 2:15PM-2:20PM ET"
1774117113,2026-03-21 18:18:33,BUY,Up,0.34000004950000867,6.060605,2.060606,"Ethereum Up or Down - March 21, 2:15PM-2:20PM ET"
1774117115,2026-03-21 18:18:35,BUY,Up,0.3,6.725029999999999,2.0175089999999996,"Solana Up or Down - March 21, 2:15PM-2:20PM ET"
1774117115,2026-03-21 18:18:35,BUY,Up,0.32654351576814633,5.173355,1.6893255300167187,"Solana Up or Down - March 21, 2:15PM-2:20PM ET"
1774117115,2026-03-21 18:18:35,BUY,Up,0.32,6.11426,1.9565632,"Solana Up or Down - March 21, 2:15PM-2:20PM ET"
1774117117,2026-03-21 18:18:37,BUY,Down,0.559999992443778,46.919726000000004,26.275046205464136,"Ethereum Up or Down - March 21, 2:15PM-2:20PM ET"
1774117117,2026-03-21 18:18:37,BUY,Down,0.5599999980919931,20.646084,11.561807000607129,"Ethereum Up or Down - March 21, 2:15PM-2:20PM ET"
1774117133,2026-03-21 18:18:53,BUY,Up,0.3,5.834960000000001,1.750488,"Solana Up or Down - March 21, 2:15PM-2:20PM ET"
1774117135,2026-03-21 18:18:55,BUY,Up,0.2999999085365575,5.4064049999999995,1.621921005511587,"Solana Up or Down - March 21, 2:15PM-2:20PM ET"
1774117145,2026-03-21 18:19:05,BUY,Up,0.30999990047366377,6.058931,1.878268006976796,"Solana Up or Down - March 21, 2:15PM-2:20PM ET"
1774117145,2026-03-21 18:19:05,BUY,Up,0.3099998853178952,5.516814,1.7102117073201586,"Solana Up or Down - March 21, 2:15PM-2:20PM ET"
1774117149,2026-03-21 18:19:09,BUY,Up,0.720000062693778,8.294284,5.971884999999999,"Ethereum Up or Down - March 21, 2:15PM-2:20PM ET"
1774117151,2026-03-21 18:19:11,BUY,Up,0.72,3.78,2.7215999999999996,"Ethereum Up or Down - March 21, 2:15PM-2:20PM ET"
1774117159,2026-03-21 18:19:19,BUY,Up,0.7200000225107005,30.207856,21.749657,"Ethereum Up or Down - March 21, 2:15PM-2:20PM ET"
1774117159,2026-03-21 18:19:19,BUY,Up,0.73,50.0,36.5,"Ethereum Up or Down - March 21, 2:15PM-2:20PM ET"
1774117163,2026-03-21 18:19:23,BUY,Down,0.2656140350877193,22.58312,5.9983936280701755,"Ethereum Up or Down - March 21, 2:15PM-2:20PM ET"
1774117163,2026-03-21 18:19:23,BUY,Down,0.16,5.92314,0.9477024000000001,"Ethereum Up or Down - March 21, 2:15PM-2:20PM ET"
1774117165,2026-03-21 18:19:25,BUY,Down,0.3,1.26,0.378,"Ethereum Up or Down - March 21, 2:15PM-2:20PM ET"
1774117165,2026-03-21 18:19:25,BUY,Up,0.65,12.8,8.32,"Ethereum Up or Down - March 21, 2:15PM-2:20PM ET"
1774117165,2026-03-21 18:19:25,BUY,Down,0.3000000583334257,1.714283,0.514285,"Ethereum Up or Down - March 21, 2:15PM-2:20PM ET"
1774117165,2026-03-21 18:19:25,BUY,Down,0.3,10.0,3.0,"Ethereum Up or Down - March 21, 2:15PM-2:20PM ET"
1774117165,2026-03-21 18:19:25,BUY,Down,0.3,17.42857,5.228571,"Ethereum Up or Down - March 21, 2:15PM-2:20PM ET"
1774117167,2026-03-21 18:19:27,BUY,Up,0.65,12.8,8.32,"Ethereum Up or Down - March 21, 2:15PM-2:20PM ET"
1774117167,2026-03-21 18:19:27,BUY,Up,0.6773421439060205,6.728689999999999,4.5576253102790005,"Ethereum Up or Down - March 21, 2:15PM-2:20PM ET"
1774117167,2026-03-21 18:19:27,BUY,Up,0.65,22.19,14.4235,"Ethereum Up or Down - March 21, 2:15PM-2:20PM ET"
1774117169,2026-03-21 18:19:29,BUY,Down,0.26,4.08,1.0608,"Ethereum Up or Down - March 21, 2:15PM-2:20PM ET"
1774117171,2026-03-21 18:19:31,BUY,Down,0.275,25.3456,6.970040000000001,"Ethereum Up or Down - March 21, 2:15PM-2:20PM ET"
1774117173,2026-03-21 18:19:33,BUY,Down,0.31,4.94281,1.5322711,"Ethereum Up or Down - March 21, 2:15PM-2:20PM ET"
1774117173,2026-03-21 18:19:33,BUY,Down,0.30483870967741933,24.52158,7.4751268064516125,"Ethereum Up or Down - March 21, 2:15PM-2:20PM ET"
1774117173,2026-03-21 18:19:33,BUY,Down,0.28999994798912565,12.555164000000001,3.640996906994943,"Ethereum Up or Down - March 21, 2:15PM-2:20PM ET"
1774117173,2026-03-21 18:19:33,BUY,Down,0.28,7.83,2.1924,"Ethereum Up or Down - March 21, 2:15PM-2:20PM ET"
1774117183,2026-03-21 18:19:43,BUY,Up,0.74,5.9,4.3660000000000005,"Ethereum Up or Down - March 21, 2:15PM-2:20PM ET"
1774117183,2026-03-21 18:19:43,BUY,Up,0.74,26.2,19.387999999999998,"Ethereum Up or Down - March 21, 2:15PM-2:20PM ET"
1774117185,2026-03-21 18:19:45,BUY,Up,0.74,10.0,7.4,"Ethereum Up or Down - March 21, 2:15PM-2:20PM ET"
1774117185,2026-03-21 18:19:45,BUY,Up,0.13999996994764255,27.186833,3.8061558029715767,"Solana Up or Down - March 21, 2:15PM-2:20PM ET"
1774117185,2026-03-21 18:19:45,BUY,Up,0.09494296828641129,28.385635,2.695016443594646,"Solana Up or Down - March 21, 2:15PM-2:20PM ET"
1774117193,2026-03-21 18:19:53,BUY,Up,0.9700004114288066,2.333332,2.263333,"Ethereum Up or Down - March 21, 2:15PM-2:20PM ET"
1774117195,2026-03-21 18:19:55,BUY,Up,0.98,52.32148,51.2750504,"Ethereum Up or Down - March 21, 2:15PM-2:20PM ET"
1774117195,2026-03-21 18:19:55,BUY,Up,0.949999917985595,7.311668,6.946084000337899,"XRP Up or Down - March 21, 2:15PM-2:20PM ET"
1774117195,2026-03-21 18:19:55,BUY,Up,0.9499998941831539,8.500472,8.075447500506863,"XRP Up or Down - March 21, 2:15PM-2:20PM ET"
1774117195,2026-03-21 18:19:55,BUY,Up,0.9499999250788546,10.004885,9.504640000422556,"XRP Up or Down - March 21, 2:15PM-2:20PM ET"
1774117195,2026-03-21 18:19:55,BUY,Up,0.95,9.99436,9.494642,"XRP Up or Down - March 21, 2:15PM-2:20PM ET"
1774117195,2026-03-21 18:19:55,BUY,Up,0.92,6.426065,5.911979800000001,"XRP Up or Down - March 21, 2:15PM-2:20PM ET"
1774117195,2026-03-21 18:19:55,BUY,Up,0.9499999466291994,6.554203,6.2264925001969385,"XRP Up or Down - March 21, 2:15PM-2:20PM ET"
1774117195,2026-03-21 18:19:55,BUY,Up,0.9499998237113002,5.102392,4.847271500505949,"XRP Up or Down - March 21, 2:15PM-2:20PM ET"
1774117195,2026-03-21 18:19:55,BUY,Up,0.91999999247443,5.308022,4.883380200054109,"XRP Up or Down - March 21, 2:15PM-2:20PM ET"
1774117195,2026-03-21 18:19:55,BUY,Up,0.99,49.99878,49.4987922,"Ethereum Up or Down - March 21, 2:15PM-2:20PM ET"
1774117195,2026-03-21 18:19:55,BUY,Up,0.92,7.21847,6.6409924,"XRP Up or Down - March 21, 2:15PM-2:20PM ET"
1774117195,2026-03-21 18:19:55,BUY,Up,0.99,49.99878,49.4987922,"Ethereum Up or Down - March 21, 2:15PM-2:20PM ET"
1774117195,2026-03-21 18:19:55,BUY,Up,0.99,52.32192,51.7987008,"Ethereum Up or Down - March 21, 2:15PM-2:20PM ET"
1774117195,2026-03-21 18:19:55,BUY,Up,0.98,52.32148,51.2750504,"Ethereum Up or Down - March 21, 2:15PM-2:20PM ET"
1774117195,2026-03-21 18:19:55,BUY,Up,0.99,47.61884,47.1426516,"Ethereum Up or Down - March 21, 2:15PM-2:20PM ET"
1774117195,2026-03-21 18:19:55,BUY,Up,0.99,49.99878,49.4987922,"Ethereum Up or Down - March 21, 2:15PM-2:20PM ET"
1774117195,2026-03-21 18:19:55,BUY,Up,0.99,52.32192,51.7987008,"Ethereum Up or Down - March 21, 2:15PM-2:20PM ET"
1774117197,2026-03-21 18:19:57,BUY,Up,0.9542841421901754,6.085435,5.80723411882907,"XRP Up or Down - March 21, 2:15PM-2:20PM ET"
1774117209,2026-03-21 18:20:09,,,0.0,167.567845,0.0,"XRP Up or Down - March 21, 2:10PM-2:15PM ET"
1774117209,2026-03-21 18:20:09,,,0.0,372.857117,0.0,"Ethereum Up or Down - March 21, 2:10PM-2:15PM ET"
1774117209,2026-03-21 18:20:09,,,0.0,102.706308,0.0,"Solana Up or Down - March 21, 2:10PM-2:15PM ET"
1774117229,2026-03-21 18:20:29,,,0.0,510.180599,0.0,"Ethereum Up or Down - March 21, 2:15PM-2:20PM ET"
1774117507,2026-03-21 18:25:07,BUY,Up,0.46,50.0,23.0,"Ethereum Up or Down - March 21, 2:25PM-2:30PM ET"
1774117507,2026-03-21 18:25:07,BUY,Down,0.5500000642857313,5.444443,2.9944439999999997,"Ethereum Up or Down - March 21, 2:25PM-2:30PM ET"
1774117509,2026-03-21 18:25:09,BUY,Down,0.55,44.55,24.5025,"Ethereum Up or Down - March 21, 2:25PM-2:30PM ET"
1774117509,2026-03-21 18:25:09,,,0.0,193.337048,0.0,"Ethereum Up or Down - March 21, 2:15PM-2:20PM ET"
1774117509,2026-03-21 18:25:09,,,0.0,103.703304,0.0,"XRP Up or Down - March 21, 2:15PM-2:20PM ET"
1774117509,2026-03-21 18:25:09,,,0.0,58.78939,0.0,"Solana Up or Down - March 21, 2:15PM-2:20PM ET"
1774117513,2026-03-21 18:25:13,BUY,Up,0.45,50.0,22.5,"Ethereum Up or Down - March 21, 2:25PM-2:30PM ET"
1774117519,2026-03-21 18:25:19,BUY,Up,0.44,50.0,22.0,"Ethereum Up or Down - March 21, 2:25PM-2:30PM ET"
1774117521,2026-03-21 18:25:21,BUY,Down,0.74,0.03963,0.0293262,"XRP Up or Down - March 21, 2:25PM-2:30PM ET"
1774117523,2026-03-21 18:25:23,BUY,Up,0.34,4.93706,1.6786004,"Solana Up or Down - March 21, 2:25PM-2:30PM ET"
1774117527,2026-03-21 18:25:27,BUY,Up,0.38,12.0,4.5600000000000005,"Ethereum Up or Down - March 21, 2:25PM-2:30PM ET"
1774117531,2026-03-21 18:25:31,BUY,Up,0.32,5.65106,1.8083392,"Solana Up or Down - March 21, 2:25PM-2:30PM ET"
1774117533,2026-03-21 18:25:33,BUY,Up,0.33,33.58448,11.0828784,"Ethereum Up or Down - March 21, 2:25PM-2:30PM ET"
1774117533,2026-03-21 18:25:33,BUY,Down,0.8199999774828278,5.300246,4.346201600653448,"XRP Up or Down - March 21, 2:25PM-2:30PM ET"
1774117533,2026-03-21 18:25:33,BUY,Down,0.805887528443948,7.781973,6.271394987387535,"XRP Up or Down - March 21, 2:25PM-2:30PM ET"
1774117533,2026-03-21 18:25:33,BUY,Down,0.61,4.92926,3.0068486,"Ethereum Up or Down - March 21, 2:25PM-2:30PM ET"
1774117537,2026-03-21 18:25:37,BUY,Down,0.76,5.12805,3.897318,"Solana Up or Down - March 21, 2:25PM-2:30PM ET"
1774117541,2026-03-21 18:25:41,BUY,Up,0.25999998948467035,58.415887,15.18813000573769,"Ethereum Up or Down - March 21, 2:25PM-2:30PM ET"
1774117543,2026-03-21 18:25:43,BUY,Down,0.6952563651093139,199.10470999999998,138.42881695074405,"Ethereum Up or Down - March 21, 2:25PM-2:30PM ET"
1774117543,2026-03-21 18:25:43,BUY,Up,0.2012498853749656,5.677374,1.14257086673081,"Solana Up or Down - March 21, 2:25PM-2:30PM ET"
1774117545,2026-03-21 18:25:45,BUY,Down,0.68,29.2595,19.89646,"Ethereum Up or Down - March 21, 2:25PM-2:30PM ET"
1774117553,2026-03-21 18:25:53,BUY,Up,0.25361160030149477,13.403464,3.399273954623474,"XRP Up or Down - March 21, 2:25PM-2:30PM ET"
1774117553,2026-03-21 18:25:53,BUY,Up,0.23999990463573634,6.239335,1.4974398049904118,"Solana Up or Down - March 21, 2:25PM-2:30PM ET"
1774117555,2026-03-21 18:25:55,BUY,Up,0.33,14.81669,4.8895077,"Ethereum Up or Down - March 21, 2:25PM-2:30PM ET"
1774117557,2026-03-21 18:25:57,BUY,Down,0.64,16.87,10.796800000000001,"Ethereum Up or Down - March 21, 2:25PM-2:30PM ET"
1774117557,2026-03-21 18:25:57,BUY,Down,0.64,2.0,1.28,"Ethereum Up or Down - March 21, 2:25PM-2:30PM ET"
1774117557,2026-03-21 18:25:57,BUY,Down,0.6400000228753009,13.988887,8.952888,"Ethereum Up or Down - March 21, 2:25PM-2:30PM ET"
1774117557,2026-03-21 18:25:57,BUY,Down,0.6400000186709908,17.138887,10.968888000000002,"Ethereum Up or Down - March 21, 2:25PM-2:30PM ET"
1774117561,2026-03-21 18:26:01,BUY,Down,0.76,3.73865,2.841374,"XRP Up or Down - March 21, 2:25PM-2:30PM ET"
1774117563,2026-03-21 18:26:03,BUY,Down,0.7699999682109886,5.6179440000000005,4.325816701411115,"Solana Up or Down - March 21, 2:25PM-2:30PM ET"
1774117563,2026-03-21 18:26:03,BUY,Down,0.7200000589282938,8.824284,6.353485,"Ethereum Up or Down - March 21, 2:25PM-2:30PM ET"
1774117563,2026-03-21 18:26:03,BUY,Down,0.72,26.0,18.72,"Ethereum Up or Down - March 21, 2:25PM-2:30PM ET"
1774117563,2026-03-21 18:26:03,BUY,Up,0.16999987009431633,6.204263,1.0547239040309733,"XRP Up or Down - March 21, 2:25PM-2:30PM ET"
1774117563,2026-03-21 18:26:03,BUY,Down,0.7699999645161062,5.592169999999999,4.305970701568033,"Solana Up or Down - March 21, 2:25PM-2:30PM ET"
1774117569,2026-03-21 18:26:09,BUY,Down,0.7799999965638744,5.777669,4.506581800147204,"Solana Up or Down - March 21, 2:25PM-2:30PM ET"
1774117569,2026-03-21 18:26:09,BUY,Down,0.78,5.73949,4.4768022,"Solana Up or Down - March 21, 2:25PM-2:30PM ET"
1774117569,2026-03-21 18:26:09,BUY,Down,0.74,12.681550000000001,9.384347000000002,"Ethereum Up or Down - March 21, 2:25PM-2:30PM ET"
1774117573,2026-03-21 18:26:13,BUY,Down,0.7748712595685456,14.260679999999999,11.050191073903967,"XRP Up or Down - March 21, 2:25PM-2:30PM ET"
1774117573,2026-03-21 18:26:13,BUY,Down,0.7699999744494613,8.542876,6.578014301724917,"XRP Up or Down - March 21, 2:25PM-2:30PM ET"
1774117573,2026-03-21 18:26:13,BUY,Down,0.8,5.3257,4.260560000000001,"XRP Up or Down - March 21, 2:25PM-2:30PM ET"
1774117573,2026-03-21 18:26:13,BUY,Down,0.7099999777254822,7.106966,5.045945701695759,"XRP Up or Down - March 21, 2:25PM-2:30PM ET"
1774117577,2026-03-21 18:26:17,BUY,Down,0.7150444672117321,9.826401,7.026313667653832,"XRP Up or Down - March 21, 2:25PM-2:30PM ET"
1774117579,2026-03-21 18:26:19,BUY,Down,0.74,10.70006,7.9180444,"Ethereum Up or Down - March 21, 2:25PM-2:30PM ET"
1774117583,2026-03-21 18:26:23,BUY,Down,0.74,4.95373,3.6657602000000002,"Ethereum Up or Down - March 21, 2:25PM-2:30PM ET"
1774117583,2026-03-21 18:26:23,BUY,Down,0.74,4.95373,3.6657602000000002,"Ethereum Up or Down - March 21, 2:25PM-2:30PM ET"
1774117583,2026-03-21 18:26:23,BUY,Down,0.8035790331816108,5.119870000000001,4.114220184615534,"Solana Up or Down - March 21, 2:25PM-2:30PM ET"
1774117609,2026-03-21 18:26:49,BUY,Down,0.46,30.0,13.8,"Ethereum Up or Down - March 21, 2:25PM-2:30PM ET"
1774117609,2026-03-21 18:26:49,BUY,Down,0.46,20.0,9.200000000000001,"Ethereum Up or Down - March 21, 2:25PM-2:30PM ET"
1774117609,2026-03-21 18:26:49,BUY,Up,0.2036603242432114,12.536066000000002,2.5530992662942986,"Solana Up or Down - March 21, 2:25PM-2:30PM ET"
1774117609,2026-03-21 18:26:49,BUY,Up,0.16999990555553807,7.901655,1.3432806037324452,"Solana Up or Down - March 21, 2:25PM-2:30PM ET"
1774117609,2026-03-21 18:26:49,BUY,Up,0.16,8.64081,1.3825296,"Solana Up or Down - March 21, 2:25PM-2:30PM ET"
1774117611,2026-03-21 18:26:51,BUY,Up,0.2299999177720075,8.325513,1.9148673054097798,"Solana Up or Down - March 21, 2:25PM-2:30PM ET"
1774117611,2026-03-21 18:26:51,BUY,Down,0.4499999913829785,51.422491,23.14012050689129,"Ethereum Up or Down - March 21, 2:25PM-2:30PM ET"
1774117611,2026-03-21 18:26:51,BUY,Down,0.44999997845417045,15.995683,7.198057005359741,"Ethereum Up or Down - March 21, 2:25PM-2:30PM ET"
1774117611,2026-03-21 18:26:51,BUY,Up,0.55,20.1,11.055000000000001,"Ethereum Up or Down - March 21, 2:25PM-2:30PM ET"
1774117613,2026-03-21 18:26:53,BUY,Down,0.5512670247392315,9.020572999999999,4.972744439153043,"XRP Up or Down - March 21, 2:25PM-2:30PM ET"
1774117615,2026-03-21 18:26:55,BUY,Down,0.5399999621563267,6.764399,3.6527752040102945,"XRP Up or Down - March 21, 2:25PM-2:30PM ET"
1774117619,2026-03-21 18:26:59,BUY,Down,0.389999968567162,16.936416,6.60520170764038,"Ethereum Up or Down - March 21, 2:25PM-2:30PM ET"
1774117621,2026-03-21 18:27:01,BUY,Down,0.39,2.36605,0.9227595000000001,"Ethereum Up or Down - March 21, 2:25PM-2:30PM ET"
1774117685,2026-03-21 18:28:05,BUY,Up,0.58,42.0,24.36,"Ethereum Up or Down - March 21, 2:25PM-2:30PM ET"
1774117685,2026-03-21 18:28:05,BUY,Up,0.58,8.0,4.64,"Ethereum Up or Down - March 21, 2:25PM-2:30PM ET"
1774117685,2026-03-21 18:28:05,BUY,Down,0.4399999915990451,46.890945,20.63201540607129,"Ethereum Up or Down - March 21, 2:25PM-2:30PM ET"
1774117695,2026-03-21 18:28:15,BUY,Up,0.57,50.0,28.499999999999996,"Ethereum Up or Down - March 21, 2:25PM-2:30PM ET"
1774117705,2026-03-21 18:28:25,BUY,Up,0.4600000433271183,2.769628,1.274029,"Ethereum Up or Down - March 21, 2:25PM-2:30PM ET"
1774117705,2026-03-21 18:28:25,BUY,Up,0.45,19.25062,8.662779,"Ethereum Up or Down - March 21, 2:25PM-2:30PM ET"
1774117705,2026-03-21 18:28:25,BUY,Up,0.46,20.48,9.4208,"Ethereum Up or Down - March 21, 2:25PM-2:30PM ET"
1774117705,2026-03-21 18:28:25,BUY,Up,0.46000000224376747,26.740739,12.300740000000001,"Ethereum Up or Down - March 21, 2:25PM-2:30PM ET"
1774117707,2026-03-21 18:28:27,BUY,Up,0.45,25.0,11.25,"Ethereum Up or Down - March 21, 2:25PM-2:30PM ET"
1774117707,2026-03-21 18:28:27,BUY,Up,0.45,3.47818,1.5651810000000002,"Ethereum Up or Down - March 21, 2:25PM-2:30PM ET"
1774117709,2026-03-21 18:28:29,BUY,Up,0.5062992125984253,20.00261,10.127305692913387,"Ethereum Up or Down - March 21, 2:25PM-2:30PM ET"
1774117713,2026-03-21 18:28:33,BUY,Up,0.47,1.19,0.5592999999999999,"Ethereum Up or Down - March 21, 2:25PM-2:30PM ET"
1774117713,2026-03-21 18:28:33,BUY,Up,0.4700000256451683,5.849055,2.749056,"Ethereum Up or Down - March 21, 2:25PM-2:30PM ET"
1774117713,2026-03-21 18:28:33,BUY,Up,0.47000001856215207,11.852074,5.570475,"Ethereum Up or Down - March 21, 2:25PM-2:30PM ET"
1774117713,2026-03-21 18:28:33,BUY,Up,0.4700000463286835,5.396225,2.536226,"Ethereum Up or Down - March 21, 2:25PM-2:30PM ET"
1774117713,2026-03-21 18:28:33,BUY,Up,0.47000001400881125,25.698112,12.078113,"Ethereum Up or Down - March 21, 2:25PM-2:30PM ET"
1774117715,2026-03-21 18:28:35,BUY,Up,0.45,5.81818,2.618181,"Ethereum Up or Down - March 21, 2:25PM-2:30PM ET"
1774117715,2026-03-21 18:28:35,BUY,Down,0.54,2.04,1.1016000000000001,"Ethereum Up or Down - March 21, 2:25PM-2:30PM ET"
1774117717,2026-03-21 18:28:37,BUY,Up,0.45,5.0,2.25,"Ethereum Up or Down - March 21, 2:25PM-2:30PM ET"
1774117717,2026-03-21 18:28:37,BUY,Up,0.45,2.0,0.9,"Ethereum Up or Down - March 21, 2:25PM-2:30PM ET"
1774117717,2026-03-21 18:28:37,BUY,Up,0.4500000275000124,3.636362,1.636363,"Ethereum Up or Down - March 21, 2:25PM-2:30PM ET"
1774117717,2026-03-21 18:28:37,BUY,Up,0.45,2.0,0.9,"Ethereum Up or Down - March 21, 2:25PM-2:30PM ET"
1774117717,2026-03-21 18:28:37,BUY,Up,0.45,3.34,1.503,"Ethereum Up or Down - March 21, 2:25PM-2:30PM ET"
1774117721,2026-03-21 18:28:41,BUY,Up,0.45,8.4,3.7800000000000002,"Ethereum Up or Down - March 21, 2:25PM-2:30PM ET"
1774117721,2026-03-21 18:28:41,BUY,Up,0.45,6.9,3.1050000000000004,"Ethereum Up or Down - March 21, 2:25PM-2:30PM ET"
1774117723,2026-03-21 18:28:43,BUY,Up,0.46,15.66458,7.205706800000001,"Ethereum Up or Down - March 21, 2:25PM-2:30PM ET"
1774117729,2026-03-21 18:28:49,BUY,Down,0.5400010454600895,0.286955,0.154956,"Ethereum Up or Down - March 21, 2:25PM-2:30PM ET"
1774117737,2026-03-21 18:28:57,BUY,Up,0.38000000600645917,29.967739,11.387741000000002,"Ethereum Up or Down - March 21, 2:25PM-2:30PM ET"
1774117737,2026-03-21 18:28:57,BUY,Up,0.38,31.14,11.8332,"Ethereum Up or Down - March 21, 2:25PM-2:30PM ET"
1774117737,2026-03-21 18:28:57,BUY,Up,0.38000001697177316,18.854836,7.164837999999999,"Ethereum Up or Down - March 21, 2:25PM-2:30PM ET"
1774117741,2026-03-21 18:29:01,,,0.0,587.337581,0.0,"Ethereum Up or Down - March 21, 2:25PM-2:30PM ET"
1774117749,2026-03-21 18:29:09,BUY,Down,0.67,18.31,12.2677,"Ethereum Up or Down - March 21, 2:25PM-2:30PM ET"
1774117749,2026-03-21 18:29:09,BUY,Down,0.67,31.69,21.232300000000002,"Ethereum Up or Down - March 21, 2:25PM-2:30PM ET"
1774117749,2026-03-21 18:29:09,BUY,Up,0.3200000043485218,18.397056,5.887058,"Ethereum Up or Down - March 21, 2:25PM-2:30PM ET"
1774117749,2026-03-21 18:29:09,BUY,Up,0.3200000100554546,7.955881,2.545882,"Ethereum Up or Down - March 21, 2:25PM-2:30PM ET"
1774117751,2026-03-21 18:29:11,BUY,Up,0.31,7.62182,2.3627642,"Ethereum Up or Down - March 21, 2:25PM-2:30PM ET"
1774117751,2026-03-21 18:29:11,BUY,Up,0.32901285705879535,100.068749,32.92390501078947,"Ethereum Up or Down - March 21, 2:25PM-2:30PM ET"
1774117751,2026-03-21 18:29:11,BUY,Up,0.3200000314814873,6.35294,2.032941,"Ethereum Up or Down - March 21, 2:25PM-2:30PM ET"
1774117751,2026-03-21 18:29:11,BUY,Up,0.32000000586207017,13.647056,4.367057999999999,"Ethereum Up or Down - March 21, 2:25PM-2:30PM ET"
1774117763,2026-03-21 18:29:23,BUY,Up,0.3,3.4515300000000004,1.0354590000000001,"Ethereum Up or Down - March 21, 2:25PM-2:30PM ET"
1774117771,2026-03-21 18:29:31,BUY,Up,0.28,4.9492,1.3857760000000001,"Ethereum Up or Down - March 21, 2:25PM-2:30PM ET"
1774117775,2026-03-21 18:29:35,BUY,Down,0.6100000202549584,27.153845,16.563846,"Ethereum Up or Down - March 21, 2:25PM-2:30PM ET"
1774117777,2026-03-21 18:29:37,BUY,Down,0.66,12.8,8.448,"Ethereum Up or Down - March 21, 2:25PM-2:30PM ET"
1774117779,2026-03-21 18:29:39,BUY,Down,0.6600000738285976,5.147057,3.3970580000000004,"Ethereum Up or Down - March 21, 2:25PM-2:30PM ET"
1774117779,2026-03-21 18:29:39,BUY,Down,0.6600001916364299,3.235293,2.135294,"Ethereum Up or Down - March 21, 2:25PM-2:30PM ET"
1774117779,2026-03-21 18:29:39,BUY,Down,0.65,59.02625,38.3670625,"Ethereum Up or Down - March 21, 2:25PM-2:30PM ET"
1774117779,2026-03-21 18:29:39,BUY,Down,0.6500000437500054,11.42857,7.428571,"Ethereum Up or Down - March 21, 2:25PM-2:30PM ET"
1774117779,2026-03-21 18:29:39,BUY,Down,0.6400000364717031,16.45111,10.528711,"Ethereum Up or Down - March 21, 2:25PM-2:30PM ET"
1774117779,2026-03-21 18:29:39,BUY,Down,0.65,50.0,32.5,"Ethereum Up or Down - March 21, 2:25PM-2:30PM ET"
1774117781,2026-03-21 18:29:41,BUY,Down,0.65,1.43,0.9295,"Ethereum Up or Down - March 21, 2:25PM-2:30PM ET"
1774117781,2026-03-21 18:29:41,BUY,Down,0.65,3.2,2.08,"Ethereum Up or Down - March 21, 2:25PM-2:30PM ET"
1774117781,2026-03-21 18:29:41,BUY,Up,0.33,15.48,5.1084000000000005,"Ethereum Up or Down - March 21, 2:25PM-2:30PM ET"
1774117787,2026-03-21 18:29:47,BUY,Down,0.9,25.81,23.229,"Ethereum Up or Down - March 21, 2:25PM-2:30PM ET"
1774117787,2026-03-21 18:29:47,BUY,Down,0.9,76.15548,68.539932,"Ethereum Up or Down - March 21, 2:25PM-2:30PM ET"
1774117789,2026-03-21 18:29:49,BUY,Up,0.07,28.84,2.0188,"Ethereum Up or Down - March 21, 2:25PM-2:30PM ET"
1774117789,2026-03-21 18:29:49,BUY,Down,0.96,3.94,3.7824,"Ethereum Up or Down - March 21, 2:25PM-2:30PM ET"
1774117807,2026-03-21 18:30:07,BUY,Up,0.4400000070000021,5.714284,2.514285,"Ethereum Up or Down - March 21, 2:30PM-2:35PM ET"
1774117809,2026-03-21 18:30:09,BUY,Up,0.49,1.74237,0.8537613,"Solana Up or Down - March 21, 2:30PM-2:35PM ET"
1774117815,2026-03-21 18:30:15,BUY,Up,0.5,6.47719,3.238595,"XRP Up or Down - March 21, 2:30PM-2:35PM ET"
1774117815,2026-03-21 18:30:15,BUY,Up,0.51,4.92194,2.5101894000000002,"Solana Up or Down - March 21, 2:30PM-2:35PM ET"
1774117817,2026-03-21 18:30:17,BUY,Up,0.48,13.1,6.287999999999999,"Ethereum Up or Down - March 21, 2:30PM-2:35PM ET"
1774117843,2026-03-21 18:30:43,BUY,Down,0.4399999503225662,5.5508120000000005,2.4423570042499048,"Solana Up or Down - March 21, 2:30PM-2:35PM ET"
1774117843,2026-03-21 18:30:43,BUY,Down,0.43999989785712096,5.013637999999999,2.20600020789258,"Solana Up or Down - March 21, 2:30PM-2:35PM ET"
1774117843,2026-03-21 18:30:43,BUY,Down,0.51,78.08161999999999,39.8216262,"Ethereum Up or Down - March 21, 2:30PM-2:35PM ET"
1774117859,2026-03-21 18:30:59,BUY,Down,0.42999995453742973,5.199788,2.2359086036042726,"Solana Up or Down - March 21, 2:30PM-2:35PM ET"
1774117907,2026-03-21 18:31:47,BUY,Down,0.4,1.13344,0.453376,"XRP Up or Down - March 21, 2:30PM-2:35PM ET"
1774117913,2026-03-21 18:31:53,BUY,Down,0.42,2.57129,1.0799417999999998,"XRP Up or Down - March 21, 2:30PM-2:35PM ET"
1774117915,2026-03-21 18:31:55,BUY,Down,0.41,4.92686,2.0200126,"XRP Up or Down - March 21, 2:30PM-2:35PM ET"
1774117951,2026-03-21 18:32:31,BUY,Down,0.3599999668011462,9.510977,3.4239514042464654,"Solana Up or Down - March 21, 2:30PM-2:35PM ET"
1774117957,2026-03-21 18:32:37,BUY,Down,0.41999996154928576,6.661593,2.797868803856991,"XRP Up or Down - March 21, 2:30PM-2:35PM ET"
1774117959,2026-03-21 18:32:39,BUY,Up,0.5599999940425516,6.612374,3.702929400607123,"XRP Up or Down - March 21, 2:30PM-2:35PM ET"
1774117967,2026-03-21 18:32:47,BUY,Up,0.5699999854261326,6.082697,3.4671372013515804,"XRP Up or Down - March 21, 2:30PM-2:35PM ET"
1774117969,2026-03-21 18:32:49,BUY,Up,0.56,1.8,1.0080000000000002,"Ethereum Up or Down - March 21, 2:30PM-2:35PM ET"
1774117997,2026-03-21 18:33:17,BUY,Up,0.6499999687999916,9.490972000000001,6.169131503881594,"XRP Up or Down - March 21, 2:30PM-2:35PM ET"
1774118001,2026-03-21 18:33:21,BUY,Up,0.77,49.34007,37.991853899999995,"Ethereum Up or Down - March 21, 2:30PM-2:35PM ET"
1774118001,2026-03-21 18:33:21,BUY,Up,0.78,5.0,3.9000000000000004,"Ethereum Up or Down - March 21, 2:30PM-2:35PM ET"
1774118001,2026-03-21 18:33:21,BUY,Up,0.78,12.0,9.36,"Ethereum Up or Down - March 21, 2:30PM-2:35PM ET"
1774118003,2026-03-21 18:33:23,BUY,Down,0.18000001478064415,6.765605,1.217809,"Ethereum Up or Down - March 21, 2:30PM-2:35PM ET"
1774118003,2026-03-21 18:33:23,BUY,Down,0.18000001640001606,1.219511,0.21951199999999998,"Ethereum Up or Down - March 21, 2:30PM-2:35PM ET"
1774118003,2026-03-21 18:33:23,BUY,Down,0.18000001640001606,1.219511,0.21951199999999998,"Ethereum Up or Down - March 21, 2:30PM-2:35PM ET"
1774118005,2026-03-21 18:33:25,BUY,Down,0.18,11.0,1.98,"Ethereum Up or Down - March 21, 2:30PM-2:35PM ET"
1774118005,2026-03-21 18:33:25,BUY,Down,0.19861011311668642,13.958658,2.77233064433714,"XRP Up or Down - March 21, 2:30PM-2:35PM ET"
1774118005,2026-03-21 18:33:25,BUY,Down,0.18000011408703986,1.402438,0.252439,"Ethereum Up or Down - March 21, 2:30PM-2:35PM ET"
1774118005,2026-03-21 18:33:25,BUY,Down,0.18,3.77,0.6786,"Ethereum Up or Down - March 21, 2:30PM-2:35PM ET"
1774118005,2026-03-21 18:33:25,BUY,Down,0.18000001975905153,6.073166,1.0931699999999998,"Ethereum Up or Down - March 21, 2:30PM-2:35PM ET"
1774118007,2026-03-21 18:33:27,BUY,Down,0.16807745629434007,9.05845,1.522521233969465,"XRP Up or Down - March 21, 2:30PM-2:35PM ET"
1774118007,2026-03-21 18:33:27,BUY,Down,0.13000000870001732,1.149423,0.14942500000000003,"Ethereum Up or Down - March 21, 2:30PM-2:35PM ET"
1774118007,2026-03-21 18:33:27,BUY,Down,0.13000001153409949,6.068961,0.7889649999999999,"Ethereum Up or Down - March 21, 2:30PM-2:35PM ET"
1774118007,2026-03-21 18:33:27,BUY,Down,0.13000000174000104,5.747123,0.747126,"Ethereum Up or Down - March 21, 2:30PM-2:35PM ET"
1774118007,2026-03-21 18:33:27,BUY,Down,0.13,15.0,1.9500000000000002,"Ethereum Up or Down - March 21, 2:30PM-2:35PM ET"
1774118007,2026-03-21 18:33:27,BUY,Up,0.8499999990116278,50.382643,42.8252465002032,"Ethereum Up or Down - March 21, 2:30PM-2:35PM ET"
1774118011,2026-03-21 18:33:31,BUY,Up,0.87,4.96,4.3152,"Ethereum Up or Down - March 21, 2:30PM-2:35PM ET"
1774118017,2026-03-21 18:33:37,BUY,Down,0.11000000328716618,24.337072,2.677078,"Ethereum Up or Down - March 21, 2:30PM-2:35PM ET"
1774118025,2026-03-21 18:33:45,BUY,Down,0.09,50.0,4.5,"Ethereum Up or Down - March 21, 2:30PM-2:35PM ET"
1774118037,2026-03-21 18:33:57,BUY,Down,0.07,5.0,0.35000000000000003,"Ethereum Up or Down - March 21, 2:30PM-2:35PM ET"
1774118037,2026-03-21 18:33:57,BUY,Up,0.919999993393166,6.046147,5.562455200054111,"XRP Up or Down - March 21, 2:30PM-2:35PM ET"
1774118039,2026-03-21 18:33:59,BUY,Down,0.07000001116000433,5.376342,0.376344,"Ethereum Up or Down - March 21, 2:30PM-2:35PM ET"
1774118043,2026-03-21 18:34:03,BUY,Up,0.95,5.14446,4.887236999999999,"XRP Up or Down - March 21, 2:30PM-2:35PM ET"
1774118045,2026-03-21 18:34:05,BUY,Down,0.06999999246411474,119.30203999999999,8.351141900953515,"Ethereum Up or Down - March 21, 2:30PM-2:35PM ET"
1774118045,2026-03-21 18:34:05,BUY,Down,0.07,80.94415000000001,5.666090500000001,"Ethereum Up or Down - March 21, 2:30PM-2:35PM ET"
1774118045,2026-03-21 18:34:05,BUY,Up,0.97,7.66848,7.4384255999999995,"XRP Up or Down - March 21, 2:30PM-2:35PM ET"
1774118107,2026-03-21 18:35:07,,,0.0,345.777605,0.0,"Ethereum Up or Down - March 21, 2:25PM-2:30PM ET"
1774118107,2026-03-21 18:35:07,,,0.0,32.975193,0.0,"Solana Up or Down - March 21, 2:25PM-2:30PM ET"
1774118107,2026-03-21 18:35:07,,,0.0,77.708094,0.0,"XRP Up or Down - March 21, 2:25PM-2:30PM ET"
1774118109,2026-03-21 18:35:09,BUY,Up,0.5,5.55188,2.77594,"Solana Up or Down - March 21, 2:35PM-2:40PM ET"
1774118109,2026-03-21 18:35:09,BUY,Up,0.4990965387786608,22.444940000000003,11.202191867094715,"Solana Up or Down - March 21, 2:35PM-2:40PM ET"
1774118109,2026-03-21 18:35:09,BUY,Down,0.41,12.56,5.1495999999999995,"Ethereum Up or Down - March 21, 2:35PM-2:40PM ET"
1774118109,2026-03-21 18:35:09,BUY,Up,0.4904632152588556,7.2254,3.543792915531335,"XRP Up or Down - March 21, 2:35PM-2:40PM ET"
1774118109,2026-03-21 18:35:09,BUY,Up,0.5074995372894804,225.001815,114.18831700179327,"Ethereum Up or Down - March 21, 2:35PM-2:40PM ET"
1774118109,2026-03-21 18:35:09,BUY,Up,0.4799999734969299,13.371772,6.418450205606989,"XRP Up or Down - March 21, 2:35PM-2:40PM ET"
1774118109,2026-03-21 18:35:09,BUY,Down,0.4900000191569291,23.490195,11.510196,"Ethereum Up or Down - March 21, 2:35PM-2:40PM ET"
1774118109,2026-03-21 18:35:09,BUY,Up,0.51,27.92708,14.2428108,"Ethereum Up or Down - March 21, 2:35PM-2:40PM ET"
1774118109,2026-03-21 18:35:09,BUY,Down,0.4900000184615399,17.333332,8.493333,"Ethereum Up or Down - March 21, 2:35PM-2:40PM ET"
1774118111,2026-03-21 18:35:11,BUY,Down,0.35000002766547134,7.229228,2.53023,"Ethereum Up or Down - March 21, 2:35PM-2:40PM ET"
1774118111,2026-03-21 18:35:11,BUY,Down,0.38,50.0,19.0,"Ethereum Up or Down - March 21, 2:35PM-2:40PM ET"
1774118111,2026-03-21 18:35:11,BUY,Down,0.3500000455182296,5.492305,1.922307,"Ethereum Up or Down - March 21, 2:35PM-2:40PM ET"
1774118111,2026-03-21 18:35:11,BUY,Down,0.35000002628032945,5.707691,1.9976919999999998,"Ethereum Up or Down - March 21, 2:35PM-2:40PM ET"
1774118111,2026-03-21 18:35:11,BUY,Down,0.35,23.74,8.309,"Ethereum Up or Down - March 21, 2:35PM-2:40PM ET"
1774118111,2026-03-21 18:35:11,BUY,Down,0.3500000383858396,7.815382,2.735384,"Ethereum Up or Down - March 21, 2:35PM-2:40PM ET"
1774118111,2026-03-21 18:35:11,BUY,Down,0.41,4.0,1.64,"Ethereum Up or Down - March 21, 2:35PM-2:40PM ET"
1774118111,2026-03-21 18:35:11,BUY,Down,0.41,2.86,1.1725999999999999,"Ethereum Up or Down - March 21, 2:35PM-2:40PM ET"
1774118111,2026-03-21 18:35:11,BUY,Down,0.41,13.48,5.5268,"Ethereum Up or Down - March 21, 2:35PM-2:40PM ET"
1774118111,2026-03-21 18:35:11,BUY,Down,0.41,17.1,7.011,"Ethereum Up or Down - March 21, 2:35PM-2:40PM ET"
1774118113,2026-03-21 18:35:13,BUY,Down,0.33,24.63,8.1279,"Ethereum Up or Down - March 21, 2:35PM-2:40PM ET"
1774118113,2026-03-21 18:35:13,BUY,Down,0.31,14.0,4.34,"Ethereum Up or Down - March 21, 2:35PM-2:40PM ET"
1774118113,2026-03-21 18:35:13,BUY,Down,0.31,12.0,3.7199999999999998,"Ethereum Up or Down - March 21, 2:35PM-2:40PM ET"
1774118113,2026-03-21 18:35:13,BUY,Down,0.31,12.0,3.7199999999999998,"Ethereum Up or Down - March 21, 2:35PM-2:40PM ET"
1774118113,2026-03-21 18:35:13,BUY,Down,0.31,12.0,3.7199999999999998,"Ethereum Up or Down - March 21, 2:35PM-2:40PM ET"
1774118113,2026-03-21 18:35:13,BUY,Down,0.32,8.53,2.7296,"Ethereum Up or Down - March 21, 2:35PM-2:40PM ET"
1774118113,2026-03-21 18:35:13,BUY,Down,0.32,41.47,13.2704,"Ethereum Up or Down - March 21, 2:35PM-2:40PM ET"
1774118113,2026-03-21 18:35:13,BUY,Down,0.33,17.9,5.907,"Ethereum Up or Down - March 21, 2:35PM-2:40PM ET"
1774118113,2026-03-21 18:35:13,BUY,Down,0.3300000375200129,7.462684,2.462686,"Ethereum Up or Down - March 21, 2:35PM-2:40PM ET"
1774118115,2026-03-21 18:35:15,BUY,Down,0.3599999494736736,7.811605,2.812177405308296,"XRP Up or Down - March 21, 2:35PM-2:40PM ET"
1774118123,2026-03-21 18:35:23,BUY,Down,0.27,31.90708,8.614911600000001,"Ethereum Up or Down - March 21, 2:35PM-2:40PM ET"
1774118125,2026-03-21 18:35:25,BUY,Down,0.27,13.61646,3.6764442,"Ethereum Up or Down - March 21, 2:35PM-2:40PM ET"
1774118127,2026-03-21 18:35:27,BUY,Down,0.4099999489433833,6.368863,2.6112335048274034,"Solana Up or Down - March 21, 2:35PM-2:40PM ET"
1774118127,2026-03-21 18:35:27,BUY,Down,0.28,16.98565,4.755982,"Ethereum Up or Down - March 21, 2:35PM-2:40PM ET"
1774118133,2026-03-21 18:35:33,BUY,Up,0.72,50.0,36.0,"Ethereum Up or Down - March 21, 2:35PM-2:40PM ET"
1774118135,2026-03-21 18:35:35,BUY,Down,0.33,5.92668,1.9558044,"XRP Up or Down - March 21, 2:35PM-2:40PM ET"
1774118137,2026-03-21 18:35:37,BUY,Down,0.3299999034146153,6.1362,2.0249454073327624,"XRP Up or Down - March 21, 2:35PM-2:40PM ET"
1774118143,2026-03-21 18:35:43,BUY,Up,0.73,4.95144,3.6145511999999997,"Ethereum Up or Down - March 21, 2:35PM-2:40PM ET"
1774118145,2026-03-21 18:35:45,BUY,Up,0.77,4.0,3.08,"Ethereum Up or Down - March 21, 2:35PM-2:40PM ET"
1774118147,2026-03-21 18:35:47,BUY,Down,0.3499999162233797,5.301927,1.855674005822475,"Solana Up or Down - March 21, 2:35PM-2:40PM ET"
1774118151,2026-03-21 18:35:51,BUY,Down,0.34999993079093505,4.991711,1.7470985045283491,"Solana Up or Down - March 21, 2:35PM-2:40PM ET"
1774118173,2026-03-21 18:36:13,BUY,Down,0.2199998957036759,6.091192,1.3400616047110652,"XRP Up or Down - March 21, 2:35PM-2:40PM ET"
1774118175,2026-03-21 18:36:15,BUY,Down,0.32,5.49666,1.7589312000000001,"Solana Up or Down - March 21, 2:35PM-2:40PM ET"
1774118175,2026-03-21 18:36:15,BUY,Down,0.3899999122966285,5.2831529999999995,2.0604292066496694,"Solana Up or Down - March 21, 2:35PM-2:40PM ET"
1774118175,2026-03-21 18:36:15,BUY,Down,0.4,5.7411200000000004,2.2964480000000003,"Solana Up or Down - March 21, 2:35PM-2:40PM ET"
1774118175,2026-03-21 18:36:15,BUY,Down,0.21999990043792858,6.181431,1.3599142045639252,"XRP Up or Down - March 21, 2:35PM-2:40PM ET"
1774118205,2026-03-21 18:36:45,BUY,Down,0.4199999263157701,5.348039999999999,2.2461764059337908,"Solana Up or Down - March 21, 2:35PM-2:40PM ET"
1774118213,2026-03-21 18:36:53,BUY,Up,0.6299999758407018,5.307861,3.3439523017658033,"Solana Up or Down - March 21, 2:35PM-2:40PM ET"
1774118217,2026-03-21 18:36:57,BUY,Up,0.8799999930296989,5.722643,5.035925800111455,"XRP Up or Down - March 21, 2:35PM-2:40PM ET"
1774118227,2026-03-21 18:37:07,BUY,Down,0.12,9.47352,1.1368224,"XRP Up or Down - March 21, 2:35PM-2:40PM ET"
1774118233,2026-03-21 18:37:13,BUY,Up,0.81,4.9704,4.026024,"Solana Up or Down - March 21, 2:35PM-2:40PM ET"
1774118249,2026-03-21 18:37:29,BUY,Up,0.79,198.62386,156.9128494,"Ethereum Up or Down - March 21, 2:35PM-2:40PM ET"
1774118249,2026-03-21 18:37:29,BUY,Down,0.34326923076923077,10.26787,3.524643836538462,"Solana Up or Down - March 21, 2:35PM-2:40PM ET"
1774118249,2026-03-21 18:37:29,BUY,Down,0.1899998805713899,5.493594,1.043782203907704,"XRP Up or Down - March 21, 2:35PM-2:40PM ET"
1774118257,2026-03-21 18:37:37,BUY,Down,0.27,9.90288,2.6737776,"Ethereum Up or Down - March 21, 2:35PM-2:40PM ET"
1774118259,2026-03-21 18:37:39,BUY,Down,0.3499999265267049,7.388863,2.5861015071158886,"Solana Up or Down - March 21, 2:35PM-2:40PM ET"
1774118259,2026-03-21 18:37:39,BUY,Down,0.3599999099999823,6.139651000000001,2.2102738074313018,"Solana Up or Down - March 21, 2:35PM-2:40PM ET"
1774118285,2026-03-21 18:38:05,BUY,Down,0.28,6.0,1.6800000000000002,"Ethereum Up or Down - March 21, 2:35PM-2:40PM ET"
1774118285,2026-03-21 18:38:05,BUY,Down,0.28,20.0,5.6000000000000005,"Ethereum Up or Down - March 21, 2:35PM-2:40PM ET"
1774118285,2026-03-21 18:38:05,BUY,Down,0.2800001301206544,1.844442,0.516444,"Ethereum Up or Down - March 21, 2:35PM-2:40PM ET"
1774118287,2026-03-21 18:38:07,BUY,Down,0.28000001246753764,6.416664,1.7966659999999999,"Ethereum Up or Down - March 21, 2:35PM-2:40PM ET"
1774118295,2026-03-21 18:38:15,BUY,Down,0.18999995969696468,15.539027,2.952414503730046,"Ethereum Up or Down - March 21, 2:35PM-2:40PM ET"
1774118295,2026-03-21 18:38:15,BUY,Down,0.1876689403386745,50.326941,9.444803687956991,"Ethereum Up or Down - March 21, 2:35PM-2:40PM ET"
1774118295,2026-03-21 18:38:15,BUY,Down,0.15,15.66,2.3489999999999998,"Ethereum Up or Down - March 21, 2:35PM-2:40PM ET"
1774118297,2026-03-21 18:38:17,BUY,Down,0.19,7.694170000000001,1.4618923000000001,"Ethereum Up or Down - March 21, 2:35PM-2:40PM ET"
1774118297,2026-03-21 18:38:17,BUY,Down,0.19,49.70394,9.443748600000001,"Ethereum Up or Down - March 21, 2:35PM-2:40PM ET"
1774118297,2026-03-21 18:38:17,BUY,Down,0.27898294039093635,7.202827,2.009465855587227,"Solana Up or Down - March 21, 2:35PM-2:40PM ET"
1774118297,2026-03-21 18:38:17,BUY,Down,0.21888888888888888,44.67113,9.778014011111111,"Ethereum Up or Down - March 21, 2:35PM-2:40PM ET"
1774118299,2026-03-21 18:38:19,BUY,Down,0.22,32.75707,7.2065554,"Ethereum Up or Down - March 21, 2:35PM-2:40PM ET"
1774118317,2026-03-21 18:38:37,BUY,Down,0.16,9.95485,1.5927760000000002,"Ethereum Up or Down - March 21, 2:35PM-2:40PM ET"
1774118325,2026-03-21 18:38:45,BUY,Down,0.21321584415610595,51.227948,10.9226101772051,"Ethereum Up or Down - March 21, 2:35PM-2:40PM ET"
1774118325,2026-03-21 18:38:45,,,0.0,510.504195,0.0,"Ethereum Up or Down - March 21, 2:35PM-2:40PM ET"
1774118325,2026-03-21 18:38:45,BUY,Down,0.22,10.91903,2.4021866,"Ethereum Up or Down - March 21, 2:35PM-2:40PM ET"
1774118335,2026-03-21 18:38:55,BUY,Down,0.10322768181578791,15.176509000000001,1.5666358421264417,"XRP Up or Down - March 21, 2:35PM-2:40PM ET"
1774118337,2026-03-21 18:38:57,BUY,Down,0.11796128967662373,10.398921000000001,1.2266701324053257,"XRP Up or Down - March 21, 2:35PM-2:40PM ET"
1774118339,2026-03-21 18:38:59,BUY,Down,0.2699999461888031,10.489721000000001,2.8322241055355577,"Solana Up or Down - March 21, 2:35PM-2:40PM ET"
1774118339,2026-03-21 18:38:59,BUY,Up,0.73,24.47992,17.8703416,"Ethereum Up or Down - March 21, 2:35PM-2:40PM ET"
1774118343,2026-03-21 18:39:03,BUY,Up,0.74,5.0,3.7,"Ethereum Up or Down - March 21, 2:35PM-2:40PM ET"
1774118343,2026-03-21 18:39:03,BUY,Up,0.74,11.0,8.14,"Ethereum Up or Down - March 21, 2:35PM-2:40PM ET"
1774118345,2026-03-21 18:39:05,BUY,Up,0.72,50.0,36.0,"Ethereum Up or Down - March 21, 2:35PM-2:40PM ET"
1774118345,2026-03-21 18:39:05,BUY,Up,0.73,50.0,36.5,"Ethereum Up or Down - March 21, 2:35PM-2:40PM ET"
1774118345,2026-03-21 18:39:05,BUY,Up,0.74,34.0,25.16,"Ethereum Up or Down - March 21, 2:35PM-2:40PM ET"
1774118347,2026-03-21 18:39:07,BUY,Up,0.81,4.6,3.726,"Ethereum Up or Down - March 21, 2:35PM-2:40PM ET"
1774118359,2026-03-21 18:39:19,BUY,Up,0.83,50.0,41.5,"Ethereum Up or Down - March 21, 2:35PM-2:40PM ET"
1774118359,2026-03-21 18:39:19,BUY,Down,0.1699999972172619,275.328641,46.805868203832496,"Ethereum Up or Down - March 21, 2:35PM-2:40PM ET"
1774118367,2026-03-21 18:39:27,BUY,Up,0.86,2.56,2.2016,"Ethereum Up or Down - March 21, 2:35PM-2:40PM ET"
1774118369,2026-03-21 18:39:29,BUY,Up,0.87,15.94884,13.8754908,"Ethereum Up or Down - March 21, 2:35PM-2:40PM ET"
1774118371,2026-03-21 18:39:31,BUY,Up,0.9,37.23,33.507,"Ethereum Up or Down - March 21, 2:35PM-2:40PM ET"
1774118375,2026-03-21 18:39:35,BUY,Down,0.08,35.82642,2.8661136,"Ethereum Up or Down - March 21, 2:35PM-2:40PM ET"
1774118379,2026-03-21 18:39:39,BUY,Up,0.98,5.12191,5.0194718,"XRP Up or Down - March 21, 2:35PM-2:40PM ET"
1774118407,2026-03-21 18:40:07,,,0.0,47.52232,0.0,"XRP Up or Down - March 21, 2:30PM-2:35PM ET"
1774118407,2026-03-21 18:40:07,,,0.0,6.66431,0.0,"Solana Up or Down - March 21, 2:30PM-2:35PM ET"
1774118407,2026-03-21 18:40:07,,,0.0,142.296997,0.0,"Ethereum Up or Down - March 21, 2:30PM-2:35PM ET"
1774118409,2026-03-21 18:40:09,BUY,Down,0.53,11.13,5.898900000000001,"Ethereum Up or Down - March 21, 2:40PM-2:45PM ET"
1774118409,2026-03-21 18:40:09,BUY,Up,0.4799999340457854,5.373322000000001,2.5791942056067683,"Solana Up or Down - March 21, 2:40PM-2:45PM ET"
1774118409,2026-03-21 18:40:09,BUY,Up,0.4499999982880435,201.31357300000002,90.59110750535993,"Ethereum Up or Down - March 21, 2:40PM-2:45PM ET"
1774118413,2026-03-21 18:40:13,BUY,Down,0.5400000704838885,5.391303,2.9113039999999994,"Ethereum Up or Down - March 21, 2:40PM-2:45PM ET"
1774118413,2026-03-21 18:40:13,BUY,Down,0.54,4.92288,2.6583552000000004,"Ethereum Up or Down - March 21, 2:40PM-2:45PM ET"
1774118417,2026-03-21 18:40:17,BUY,Up,0.4499999962723657,66.039605,29.717822003828502,"Ethereum Up or Down - March 21, 2:40PM-2:45PM ET"
1774118417,2026-03-21 18:40:17,BUY,Up,0.4899999819732388,6.006779000000001,2.94332160171723,"Solana Up or Down - March 21, 2:40PM-2:45PM ET"
1774118427,2026-03-21 18:40:27,BUY,Up,0.42,4.92583,2.0688486,"Ethereum Up or Down - March 21, 2:40PM-2:45PM ET"
1774118427,2026-03-21 18:40:27,BUY,Down,0.6284703885831788,148.315608,93.21196779271042,"Ethereum Up or Down - March 21, 2:40PM-2:45PM ET"
1774118427,2026-03-21 18:40:27,BUY,Down,0.6,13.9561,8.37366,"Ethereum Up or Down - March 21, 2:40PM-2:45PM ET"
1774118427,2026-03-21 18:40:27,BUY,Up,0.29999991705067597,7.153592,2.1460770066143793,"XRP Up or Down - March 21, 2:40PM-2:45PM ET"
1774118427,2026-03-21 18:40:27,BUY,Down,0.5999999960655736,50.101341999999995,30.060805002879956,"Ethereum Up or Down - March 21, 2:40PM-2:45PM ET"
1774118429,2026-03-21 18:40:29,BUY,Up,0.3899999501761959,5.738161,2.2378825041029904,"Solana Up or Down - March 21, 2:40PM-2:45PM ET"
1774118429,2026-03-21 18:40:29,BUY,Up,0.4,20.0,8.0,"Ethereum Up or Down - March 21, 2:40PM-2:45PM ET"
1774118429,2026-03-21 18:40:29,BUY,Up,0.41,5.0,2.05,"Ethereum Up or Down - March 21, 2:40PM-2:45PM ET"
1774118443,2026-03-21 18:40:43,BUY,Up,0.479999997656822,84.02477499999999,40.33189180311499,"Ethereum Up or Down - March 21, 2:40PM-2:45PM ET"
1774118443,2026-03-21 18:40:43,BUY,Up,0.3,7.120620000000001,2.136186,"XRP Up or Down - March 21, 2:40PM-2:45PM ET"
1774118445,2026-03-21 18:40:45,BUY,Up,0.4899999915719998,50.223856999999995,24.60968950671332,"Ethereum Up or Down - March 21, 2:40PM-2:45PM ET"
1774118445,2026-03-21 18:40:45,BUY,Up,0.2999999347825945,7.582145,2.274643005512175,"XRP Up or Down - March 21, 2:40PM-2:45PM ET"
1774118445,2026-03-21 18:40:45,BUY,Up,0.29999994610777797,11.010591999999999,3.303177006614731,"XRP Up or Down - March 21, 2:40PM-2:45PM ET"
1774118449,2026-03-21 18:40:49,BUY,Up,0.51125,39.37564,20.13079595,"Ethereum Up or Down - March 21, 2:40PM-2:45PM ET"
1774118451,2026-03-21 18:40:51,BUY,Down,0.41,0.1,0.041,"Ethereum Up or Down - March 21, 2:40PM-2:45PM ET"
1774118451,2026-03-21 18:40:51,BUY,Down,0.41,25.97,10.647699999999999,"Ethereum Up or Down - March 21, 2:40PM-2:45PM ET"
1774118451,2026-03-21 18:40:51,BUY,Down,0.41,2.0,0.82,"Ethereum Up or Down - March 21, 2:40PM-2:45PM ET"
1774118451,2026-03-21 18:40:51,BUY,Up,0.57,4.83626,2.7566682,"Ethereum Up or Down - March 21, 2:40PM-2:45PM ET"
1774118455,2026-03-21 18:40:55,BUY,Down,0.4,33.4,13.36,"Ethereum Up or Down - March 21, 2:40PM-2:45PM ET"
1774118457,2026-03-21 18:40:57,BUY,Down,0.4,10.166665,4.066666000000001,"Ethereum Up or Down - March 21, 2:40PM-2:45PM ET"
1774118457,2026-03-21 18:40:57,BUY,Down,0.36395191444129615,7.373392,2.6835601343261377,"XRP Up or Down - March 21, 2:40PM-2:45PM ET"
1774118457,2026-03-21 18:40:57,BUY,Down,0.3548053771895212,13.546012000000001,4.806197897073781,"XRP Up or Down - March 21, 2:40PM-2:45PM ET"
1774118457,2026-03-21 18:40:57,BUY,Down,0.33811903118068465,26.196945999999997,8.857686001412711,"XRP Up or Down - March 21, 2:40PM-2:45PM ET"
1774118457,2026-03-21 18:40:57,BUY,Up,0.53,3.41618,1.8105754000000003,"XRP Up or Down - March 21, 2:40PM-2:45PM ET"
1774118457,2026-03-21 18:40:57,BUY,Up,0.5,16.41938,8.20969,"XRP Up or Down - March 21, 2:40PM-2:45PM ET"
1774118457,2026-03-21 18:40:57,BUY,Up,0.4972375690607735,6.7705400000000004,3.3665668508287294,"XRP Up or Down - March 21, 2:40PM-2:45PM ET"
1774118459,2026-03-21 18:40:59,BUY,Down,0.37307973664959765,6.74153,2.5151282370153623,"XRP Up or Down - March 21, 2:40PM-2:45PM ET"
1774118459,2026-03-21 18:40:59,BUY,Down,0.3281365854961937,8.429349,2.765977798815755,"XRP Up or Down - March 21, 2:40PM-2:45PM ET"
1774118459,2026-03-21 18:40:59,BUY,Down,0.4,2.0,0.8,"Ethereum Up or Down - March 21, 2:40PM-2:45PM ET"
1774118459,2026-03-21 18:40:59,BUY,Down,0.4,2.0,0.8,"Ethereum Up or Down - March 21, 2:40PM-2:45PM ET"
1774118459,2026-03-21 18:40:59,BUY,Down,0.33999991036361926,6.389137,2.1723060073008833,"XRP Up or Down - March 21, 2:40PM-2:45PM ET"
1774118459,2026-03-21 18:40:59,BUY,Down,0.43,9.84982,4.2354226,"Ethereum Up or Down - March 21, 2:40PM-2:45PM ET"
1774118459,2026-03-21 18:40:59,BUY,Down,0.4,2.43,0.9720000000000001,"Ethereum Up or Down - March 21, 2:40PM-2:45PM ET"
1774118459,2026-03-21 18:40:59,BUY,Down,0.41,9.85372,4.0400252,"Ethereum Up or Down - March 21, 2:40PM-2:45PM ET"
1774118461,2026-03-21 18:41:01,BUY,Down,0.3099999277074982,8.067939,2.501060506748505,"XRP Up or Down - March 21, 2:40PM-2:45PM ET"
1774118465,2026-03-21 18:41:05,BUY,Down,0.40999990238092915,5.04703,2.069281807313621,"XRP Up or Down - March 21, 2:40PM-2:45PM ET"
1774118465,2026-03-21 18:41:05,BUY,Down,0.4099999666278968,6.200631,2.5422585030719023,"XRP Up or Down - March 21, 2:40PM-2:45PM ET"
1774118465,2026-03-21 18:41:05,BUY,Down,0.34,1.62923,0.5539382,"XRP Up or Down - March 21, 2:40PM-2:45PM ET"
1774118465,2026-03-21 18:41:05,BUY,Down,0.4,9.68352,3.873408,"XRP Up or Down - March 21, 2:40PM-2:45PM ET"
1774118473,2026-03-21 18:41:13,BUY,Up,0.53,4.92244,2.6088932000000002,"Ethereum Up or Down - March 21, 2:40PM-2:45PM ET"
1774118505,2026-03-21 18:41:45,BUY,Up,0.59,12.80983,7.5577996999999995,"Ethereum Up or Down - March 21, 2:40PM-2:45PM ET"
1774118505,2026-03-21 18:41:45,BUY,Down,0.41,9.93,4.0713,"Ethereum Up or Down - March 21, 2:40PM-2:45PM ET"
1774118505,2026-03-21 18:41:45,BUY,Down,0.41,40.07,16.4287,"Ethereum Up or Down - March 21, 2:40PM-2:45PM ET"
1774118505,2026-03-21 18:41:45,BUY,Up,0.5899999940596906,46.446052,27.403170404096084,"Ethereum Up or Down - March 21, 2:40PM-2:45PM ET"
1774118509,2026-03-21 18:41:49,BUY,Down,0.4,0.53,0.21200000000000002,"Ethereum Up or Down - March 21, 2:40PM-2:45PM ET"
1774118517,2026-03-21 18:41:57,BUY,Down,0.35,0.57,0.19949999999999998,"Ethereum Up or Down - March 21, 2:40PM-2:45PM ET"
1774118517,2026-03-21 18:41:57,BUY,Down,0.36,50.0,18.0,"Ethereum Up or Down - March 21, 2:40PM-2:45PM ET"
1774118517,2026-03-21 18:41:57,BUY,Down,0.36,115.13154,41.4473544,"Ethereum Up or Down - March 21, 2:40PM-2:45PM ET"
1774118519,2026-03-21 18:41:59,BUY,Up,0.6,50.0,30.0,"Ethereum Up or Down - March 21, 2:40PM-2:45PM ET"
1774118523,2026-03-21 18:42:03,BUY,Up,0.4900001683001128,1.960783,0.960784,"Ethereum Up or Down - March 21, 2:40PM-2:45PM ET"
1774118529,2026-03-21 18:42:09,BUY,Up,0.5799999626440575,10.021501,5.812470205637386,"XRP Up or Down - March 21, 2:40PM-2:45PM ET"
1774118533,2026-03-21 18:42:13,BUY,Down,0.5300001738921369,2.645318,1.402019,"Ethereum Up or Down - March 21, 2:40PM-2:45PM ET"
1774118535,2026-03-21 18:42:15,,,0.0,547.818978,0.0,"Ethereum Up or Down - March 21, 2:40PM-2:45PM ET"
1774118541,2026-03-21 18:42:21,BUY,Up,0.6612213534244211,5.241767,3.465968270075468,"XRP Up or Down - March 21, 2:40PM-2:45PM ET"
1774118541,2026-03-21 18:42:21,BUY,Down,0.45000003437500397,10.181817,4.581818,"Ethereum Up or Down - March 21, 2:40PM-2:45PM ET"
1774118541,2026-03-21 18:42:21,BUY,Down,0.4500000396396439,10.090908,4.540909,"Ethereum Up or Down - March 21, 2:40PM-2:45PM ET"
1774118549,2026-03-21 18:42:29,BUY,Up,0.56,4.92411,2.7575016000000003,"Ethereum Up or Down - March 21, 2:40PM-2:45PM ET"
1774118555,2026-03-21 18:42:35,BUY,Down,0.4321893100643025,11.349246,4.905022798490045,"Solana Up or Down - March 21, 2:40PM-2:45PM ET"
1774118555,2026-03-21 18:42:35,BUY,Down,0.4691052974817502,8.142812000000001,3.819836245597966,"Solana Up or Down - March 21, 2:40PM-2:45PM ET"
1774118557,2026-03-21 18:42:37,BUY,Down,0.53,4.92244,2.6088932000000002,"XRP Up or Down - March 21, 2:40PM-2:45PM ET"
1774118557,2026-03-21 18:42:37,BUY,Down,0.4,10.8416,4.33664,"XRP Up or Down - March 21, 2:40PM-2:45PM ET"
1774118559,2026-03-21 18:42:39,BUY,Down,0.48999994473682756,5.34382,2.618471504683554,"Solana Up or Down - March 21, 2:40PM-2:45PM ET"
1774118563,2026-03-21 18:42:43,BUY,Up,0.32,11.91972,3.8143104,"XRP Up or Down - March 21, 2:40PM-2:45PM ET"
1774118565,2026-03-21 18:42:45,BUY,Up,0.4899999860498175,5.645162,2.76612930124896,"Solana Up or Down - March 21, 2:40PM-2:45PM ET"
1774118565,2026-03-21 18:42:45,BUY,Up,0.48999994070062525,6.308122,3.0909794059323095,"Solana Up or Down - March 21, 2:40PM-2:45PM ET"
1774118565,2026-03-21 18:42:45,BUY,Up,0.62,9.86124,6.1139688,"Ethereum Up or Down - March 21, 2:40PM-2:45PM ET"
1774118567,2026-03-21 18:42:47,BUY,Down,0.34,10.0,3.4000000000000004,"Ethereum Up or Down - March 21, 2:40PM-2:45PM ET"
1774118567,2026-03-21 18:42:47,BUY,Down,0.34,10.0,3.4000000000000004,"Ethereum Up or Down - March 21, 2:40PM-2:45PM ET"
1774118567,2026-03-21 18:42:47,BUY,Up,0.65,3.10925,2.0210125,"Ethereum Up or Down - March 21, 2:40PM-2:45PM ET"
1774118573,2026-03-21 18:42:53,BUY,Up,0.65,50.0,32.5,"Ethereum Up or Down - March 21, 2:40PM-2:45PM ET"
1774118575,2026-03-21 18:42:55,BUY,Down,0.3099999377926338,9.53484,2.9557998068627165,"Solana Up or Down - March 21, 2:40PM-2:45PM ET"
1774118575,2026-03-21 18:42:55,BUY,Down,0.30999989564354785,6.441598,1.9968947077776866,"Solana Up or Down - March 21, 2:40PM-2:45PM ET"
1774118577,2026-03-21 18:42:57,BUY,Up,0.5399999837837794,6.071545,3.2786342015424874,"XRP Up or Down - March 21, 2:40PM-2:45PM ET"
1774118577,2026-03-21 18:42:57,BUY,Down,0.24,2.0,0.48,"Ethereum Up or Down - March 21, 2:40PM-2:45PM ET"
1774118577,2026-03-21 18:42:57,BUY,Up,0.51,9.84388,5.0203788000000005,"XRP Up or Down - March 21, 2:40PM-2:45PM ET"
1774118577,2026-03-21 18:42:57,BUY,Up,0.4799999820895496,10.992745,5.276517403114985,"XRP Up or Down - March 21, 2:40PM-2:45PM ET"
1774118579,2026-03-21 18:42:59,BUY,Up,0.76,4.95842,3.7683992,"Ethereum Up or Down - March 21, 2:40PM-2:45PM ET"
1774118581,2026-03-21 18:43:01,BUY,Up,0.57,7.43662,4.238873399999999,"XRP Up or Down - March 21, 2:40PM-2:45PM ET"
1774118583,2026-03-21 18:43:03,BUY,Up,0.63,4.77426,3.0077838,"XRP Up or Down - March 21, 2:40PM-2:45PM ET"
1774118585,2026-03-21 18:43:05,BUY,Down,0.12,3.92375,0.47085,"Ethereum Up or Down - March 21, 2:40PM-2:45PM ET"
1774118585,2026-03-21 18:43:05,BUY,Down,0.12,6.86,0.8232,"Ethereum Up or Down - March 21, 2:40PM-2:45PM ET"
1774118585,2026-03-21 18:43:05,BUY,Down,0.12000003520017459,1.136358,0.13636299999999998,"Ethereum Up or Down - March 21, 2:40PM-2:45PM ET"
1774118585,2026-03-21 18:43:05,BUY,Down,0.12000003520017459,1.136358,0.13636299999999998,"Ethereum Up or Down - March 21, 2:40PM-2:45PM ET"
1774118585,2026-03-21 18:43:05,BUY,Down,0.12,5.0,0.6,"Ethereum Up or Down - March 21, 2:40PM-2:45PM ET"
1774118585,2026-03-21 18:43:05,BUY,Down,0.12000003520017459,1.136358,0.13636299999999998,"Ethereum Up or Down - March 21, 2:40PM-2:45PM ET"
1774118587,2026-03-21 18:43:07,BUY,Down,0.1,11.676309999999999,1.1676309999999999,"Solana Up or Down - March 21, 2:40PM-2:45PM ET"
1774118587,2026-03-21 18:43:07,BUY,Down,0.12,30.79,3.6948,"Ethereum Up or Down - March 21, 2:40PM-2:45PM ET"
1774118589,2026-03-21 18:43:09,BUY,Down,0.3399999023204161,5.256518,1.787215606545509,"XRP Up or Down - March 21, 2:40PM-2:45PM ET"
1774118591,2026-03-21 18:43:11,BUY,Down,0.17,7.05,1.1985000000000001,"Ethereum Up or Down - March 21, 2:40PM-2:45PM ET"
1774118595,2026-03-21 18:43:15,BUY,Down,0.1800000141991401,11.268288,2.028292,"Ethereum Up or Down - March 21, 2:40PM-2:45PM ET"
1774118595,2026-03-21 18:43:15,BUY,Down,0.2,6.7625,1.3525,"Ethereum Up or Down - March 21, 2:40PM-2:45PM ET"
1774118597,2026-03-21 18:43:17,BUY,Down,0.2,12.5,2.5,"Ethereum Up or Down - March 21, 2:40PM-2:45PM ET"
1774118597,2026-03-21 18:43:17,BUY,Down,0.2,10.625,2.125,"Ethereum Up or Down - March 21, 2:40PM-2:45PM ET"
1774118599,2026-03-21 18:43:19,BUY,Down,0.18,9.9878,1.797804,"Ethereum Up or Down - March 21, 2:40PM-2:45PM ET"
1774118601,2026-03-21 18:43:21,BUY,Down,0.2399998754198169,5.412942,1.2991054056546947,"XRP Up or Down - March 21, 2:40PM-2:45PM ET"
1774118601,2026-03-21 18:43:21,BUY,Down,0.2399998947096557,6.404622000000001,1.5371086056551446,"XRP Up or Down - March 21, 2:40PM-2:45PM ET"
1774118603,2026-03-21 18:43:23,BUY,Down,0.2399999276381764,8.222705,1.9734486049900712,"XRP Up or Down - March 21, 2:40PM-2:45PM ET"
1774118603,2026-03-21 18:43:23,BUY,Down,0.24,6.19802,1.4875247999999999,"XRP Up or Down - March 21, 2:40PM-2:45PM ET"
1774118603,2026-03-21 18:43:23,BUY,Down,0.23999992810571674,9.379672000000001,2.2511206056552044,"XRP Up or Down - March 21, 2:40PM-2:45PM ET"
1774118603,2026-03-21 18:43:23,BUY,Down,0.27545491397998545,8.626096,2.3761005316630968,"XRP Up or Down - March 21, 2:40PM-2:45PM ET"
1774118617,2026-03-21 18:43:37,BUY,Down,0.36,33.62773,12.1059828,"Ethereum Up or Down - March 21, 2:40PM-2:45PM ET"
1774118621,2026-03-21 18:43:41,BUY,Down,0.375,19.72535,7.39700625,"Ethereum Up or Down - March 21, 2:40PM-2:45PM ET"
1774118627,2026-03-21 18:43:47,BUY,Up,0.64,9.12725,5.84144,"XRP Up or Down - March 21, 2:40PM-2:45PM ET"
1774118635,2026-03-21 18:43:55,BUY,Up,0.5900001301588766,1.690242,0.997243,"Ethereum Up or Down - March 21, 2:40PM-2:45PM ET"
1774118649,2026-03-21 18:44:09,BUY,Down,0.32,6.14514,1.9664447999999999,"XRP Up or Down - March 21, 2:40PM-2:45PM ET"
1774118649,2026-03-21 18:44:09,BUY,Down,0.3371480337854775,8.552751,2.8835431831067764,"XRP Up or Down - March 21, 2:40PM-2:45PM ET"
1774118649,2026-03-21 18:44:09,BUY,Down,0.3,8.505189999999999,2.5515569999999994,"XRP Up or Down - March 21, 2:40PM-2:45PM ET"
1774118649,2026-03-21 18:44:09,BUY,Down,0.38,9.68373,3.6798174,"Ethereum Up or Down - March 21, 2:40PM-2:45PM ET"
1774118649,2026-03-21 18:44:09,BUY,Down,0.22966529227361338,6.523340999999999,1.4981850173654452,"XRP Up or Down - March 21, 2:40PM-2:45PM ET"
1774118651,2026-03-21 18:44:11,BUY,Up,0.3900000017329548,11.540982,4.500983,"Ethereum Up or Down - March 21, 2:40PM-2:45PM ET"
1774118651,2026-03-21 18:44:11,BUY,Down,0.34549169667951446,7.0292639999999995,2.4285523457682303,"XRP Up or Down - March 21, 2:40PM-2:45PM ET"
1774118651,2026-03-21 18:44:11,BUY,Down,0.21686850648264858,9.796576,2.1245688057637593,"XRP Up or Down - March 21, 2:40PM-2:45PM ET"
1774118653,2026-03-21 18:44:13,BUY,Up,0.39,7.01,2.7339,"Ethereum Up or Down - March 21, 2:40PM-2:45PM ET"
1774118653,2026-03-21 18:44:13,BUY,Up,0.3546142754145638,27.376759999999997,9.708189910598414,"Ethereum Up or Down - March 21, 2:40PM-2:45PM ET"
1774118653,2026-03-21 18:44:13,BUY,Up,0.39000003101695285,9.67213,3.772131,"Ethereum Up or Down - March 21, 2:40PM-2:45PM ET"
1774118653,2026-03-21 18:44:13,BUY,Up,0.3900000286281627,9.081966,3.541967,"Ethereum Up or Down - March 21, 2:40PM-2:45PM ET"
1774118653,2026-03-21 18:44:13,BUY,Up,0.39,0.5,0.195,"Ethereum Up or Down - March 21, 2:40PM-2:45PM ET"
1774118653,2026-03-21 18:44:13,BUY,Up,0.3900000106873328,12.163933,4.743934,"Ethereum Up or Down - March 21, 2:40PM-2:45PM ET"
1774118655,2026-03-21 18:44:15,BUY,Up,0.38187265917602997,52.656169999999996,20.107951659925092,"Ethereum Up or Down - March 21, 2:40PM-2:45PM ET"
1774118661,2026-03-21 18:44:21,BUY,Down,0.63,40.32,25.401600000000002,"Ethereum Up or Down - March 21, 2:40PM-2:45PM ET"
1774118663,2026-03-21 18:44:23,BUY,Down,0.6300026866389205,0.212161,0.133662,"Ethereum Up or Down - March 21, 2:40PM-2:45PM ET"
1774118663,2026-03-21 18:44:23,BUY,Down,0.62,3.92,2.4304,"Ethereum Up or Down - March 21, 2:40PM-2:45PM ET"
1774118663,2026-03-21 18:44:23,BUY,Down,0.62,5.0,3.1,"Ethereum Up or Down - March 21, 2:40PM-2:45PM ET"
1774118665,2026-03-21 18:44:25,BUY,Down,0.6200000506666858,5.131577,3.1815779999999996,"Ethereum Up or Down - March 21, 2:40PM-2:45PM ET"
1774118671,2026-03-21 18:44:31,BUY,Down,0.64,8.69,5.561599999999999,"Ethereum Up or Down - March 21, 2:40PM-2:45PM ET"
1774118673,2026-03-21 18:44:33,BUY,Down,0.660000083111137,5.294116,3.494117,"Ethereum Up or Down - March 21, 2:40PM-2:45PM ET"
1774118677,2026-03-21 18:44:37,BUY,Down,0.66,44.7,29.502000000000002,"Ethereum Up or Down - March 21, 2:40PM-2:45PM ET"
1774118679,2026-03-21 18:44:39,BUY,Up,0.3,4.7,1.41,"Ethereum Up or Down - March 21, 2:40PM-2:45PM ET"
1774118681,2026-03-21 18:44:41,BUY,Up,0.21000000659432533,16.681009,3.503012,"Ethereum Up or Down - March 21, 2:40PM-2:45PM ET"
1774118681,2026-03-21 18:44:41,BUY,Up,0.2100000029962077,10.012657,2.102658,"Ethereum Up or Down - March 21, 2:40PM-2:45PM ET"
1774118681,2026-03-21 18:44:41,BUY,Up,0.22,50.0,11.0,"Ethereum Up or Down - March 21, 2:40PM-2:45PM ET"
1774118681,2026-03-21 18:44:41,BUY,Up,0.3,10.0,3.0,"Ethereum Up or Down - March 21, 2:40PM-2:45PM ET"
1774118681,2026-03-21 18:44:41,BUY,Up,0.3000000394366397,5.071426,1.521428,"Ethereum Up or Down - March 21, 2:40PM-2:45PM ET"
1774118681,2026-03-21 18:44:41,BUY,Up,0.3,1.42857,0.428571,"Ethereum Up or Down - March 21, 2:40PM-2:45PM ET"
1774118681,2026-03-21 18:44:41,BUY,Up,0.22,5.0,1.1,"Ethereum Up or Down - March 21, 2:40PM-2:45PM ET"
1774118681,2026-03-21 18:44:41,BUY,Up,0.2100000070716121,9.898733,2.078734,"Ethereum Up or Down - March 21, 2:40PM-2:45PM ET"
1774118681,2026-03-21 18:44:41,BUY,Up,0.21,13.39,2.8119,"Ethereum Up or Down - March 21, 2:40PM-2:45PM ET"
1774118685,2026-03-21 18:44:45,BUY,Up,0.19,50.0,9.5,"Ethereum Up or Down - March 21, 2:40PM-2:45PM ET"
1774118687,2026-03-21 18:44:47,BUY,Up,0.33,4.9389,1.6298370000000002,"Ethereum Up or Down - March 21, 2:40PM-2:45PM ET"
1774118689,2026-03-21 18:44:49,BUY,Down,0.300000064938101,3.079856,0.9239569999999999,"Ethereum Up or Down - March 21, 2:40PM-2:45PM ET"
1774118689,2026-03-21 18:44:49,BUY,Up,0.62,6.90287,4.2797794,"XRP Up or Down - March 21, 2:40PM-2:45PM ET"
1774118689,2026-03-21 18:44:49,BUY,Down,0.3,46.92,14.076,"Ethereum Up or Down - March 21, 2:40PM-2:45PM ET"
1774118691,2026-03-21 18:44:51,BUY,Down,0.2,25.0,5.0,"Ethereum Up or Down - March 21, 2:40PM-2:45PM ET"
1774118691,2026-03-21 18:44:51,BUY,Down,0.2,3.7125,0.7425,"Ethereum Up or Down - March 21, 2:40PM-2:45PM ET"
1774118691,2026-03-21 18:44:51,BUY,Down,0.2200000072897216,13.717945,3.017948,"Ethereum Up or Down - March 21, 2:40PM-2:45PM ET"
1774118695,2026-03-21 18:44:55,BUY,Down,0.12,13.05,1.566,"Ethereum Up or Down - March 21, 2:40PM-2:45PM ET"
1774118697,2026-03-21 18:44:57,BUY,Down,0.11,9.43,1.0372999999999999,"Ethereum Up or Down - March 21, 2:40PM-2:45PM ET"
1774118697,2026-03-21 18:44:57,BUY,Down,0.11,40.57,4.4627,"Ethereum Up or Down - March 21, 2:40PM-2:45PM ET"
1774118699,2026-03-21 18:44:59,BUY,Down,0.09000002973880408,0.672522,0.060527,"Ethereum Up or Down - March 21, 2:40PM-2:45PM ET"
1774118699,2026-03-21 18:44:59,BUY,Down,0.09000000494565304,6.065933,0.545934,"Ethereum Up or Down - March 21, 2:40PM-2:45PM ET"
1774118709,2026-03-21 18:45:09,,,0.0,31.441725,0.0,"XRP Up or Down - March 21, 2:35PM-2:40PM ET"
1774118709,2026-03-21 18:45:09,,,0.0,284.81876,0.0,"Ethereum Up or Down - March 21, 2:35PM-2:40PM ET"
1774118709,2026-03-21 18:45:09,,,0.0,38.275081,0.0,"Solana Up or Down - March 21, 2:35PM-2:40PM ET"
1774119007,2026-03-21 18:50:07,,,0.0,29.071546,0.0,"Solana Up or Down - March 21, 2:40PM-2:45PM ET"
1774119007,2026-03-21 18:50:07,,,0.0,141.805207,0.0,"XRP Up or Down - March 21, 2:40PM-2:45PM ET"
1774119007,2026-03-21 18:50:07,,,0.0,429.726165,0.0,"Ethereum Up or Down - March 21, 2:40PM-2:45PM ET"
1774119009,2026-03-21 18:50:09,BUY,Down,0.5300000286323564,6.286594,3.331895,"Ethereum Up or Down - March 21, 2:50PM-2:55PM ET"
1774119009,2026-03-21 18:50:09,BUY,Up,0.4538783033973279,11.259141,5.110279814791293,"XRP Up or Down - March 21, 2:50PM-2:55PM ET"
1774119009,2026-03-21 18:50:09,BUY,Up,0.4494736842105263,18.70916,8.40927507368421,"XRP Up or Down - March 21, 2:50PM-2:55PM ET"
1774119013,2026-03-21 18:50:13,BUY,Down,0.53,5.0,2.6500000000000004,"Ethereum Up or Down - March 21, 2:50PM-2:55PM ET"
1774119015,2026-03-21 18:50:15,BUY,Up,0.34000001752213116,6.848482,2.3284839999999996,"Ethereum Up or Down - March 21, 2:50PM-2:55PM ET"
1774119015,2026-03-21 18:50:15,BUY,Up,0.35,4.93531,1.7273585,"Ethereum Up or Down - March 21, 2:50PM-2:55PM ET"
1774119015,2026-03-21 18:50:15,BUY,Down,0.5299999714478034,5.516852,2.9239314024817573,"Solana Up or Down - March 21, 2:50PM-2:55PM ET"
1774119015,2026-03-21 18:50:15,BUY,Down,0.55,74.53088,40.991984,"Ethereum Up or Down - March 21, 2:50PM-2:55PM ET"
1774119015,2026-03-21 18:50:15,BUY,Up,0.33000000122262796,8.179103,2.6991039999999997,"Ethereum Up or Down - March 21, 2:50PM-2:55PM ET"
1774119015,2026-03-21 18:50:15,BUY,Up,0.33000000998137974,8.014924,2.644925,"Ethereum Up or Down - March 21, 2:50PM-2:55PM ET"
1774119015,2026-03-21 18:50:15,BUY,Down,0.5299999838950237,6.724237,3.563845501706322,"Solana Up or Down - March 21, 2:50PM-2:55PM ET"
1774119017,2026-03-21 18:50:17,BUY,Up,0.3300000087241726,18.339848,6.05215,"Ethereum Up or Down - March 21, 2:50PM-2:55PM ET"
1774119017,2026-03-21 18:50:17,BUY,Up,0.33000003925781785,7.64179,2.521791,"Ethereum Up or Down - March 21, 2:50PM-2:55PM ET"
1774119017,2026-03-21 18:50:17,BUY,Up,0.33,1.46,0.4818,"Ethereum Up or Down - March 21, 2:50PM-2:55PM ET"
1774119017,2026-03-21 18:50:17,BUY,Up,0.3300000425647232,6.343281,2.093283,"Ethereum Up or Down - March 21, 2:50PM-2:55PM ET"
1774119017,2026-03-21 18:50:17,BUY,Up,0.33,15.0,4.95,"Ethereum Up or Down - March 21, 2:50PM-2:55PM ET"
1774119017,2026-03-21 18:50:17,BUY,Up,0.34,1.16,0.39440000000000003,"Ethereum Up or Down - March 21, 2:50PM-2:55PM ET"
1774119017,2026-03-21 18:50:17,BUY,Up,0.3497502118521641,197.58310699999998,69.1047335316588,"Ethereum Up or Down - March 21, 2:50PM-2:55PM ET"
1774119019,2026-03-21 18:50:19,BUY,Up,0.37999991555553353,5.371777,2.041274806383157,"Solana Up or Down - March 21, 2:50PM-2:55PM ET"
1774119019,2026-03-21 18:50:19,BUY,Up,0.37999991555553353,5.371777,2.041274806383157,"Solana Up or Down - March 21, 2:50PM-2:55PM ET"
1774119019,2026-03-21 18:50:19,BUY,Up,0.37999991555553353,5.371777,2.041274806383157,"Solana Up or Down - March 21, 2:50PM-2:55PM ET"
1774119023,2026-03-21 18:50:23,BUY,Up,0.31,2.96569,0.9193639,"Ethereum Up or Down - March 21, 2:50PM-2:55PM ET"
1774119033,2026-03-21 18:50:33,BUY,Up,0.3599999118367113,5.372192999999999,1.9339890063697975,"Solana Up or Down - March 21, 2:50PM-2:55PM ET"
1774119041,2026-03-21 18:50:41,BUY,Down,0.5299999714478034,5.516852,2.9239314024817573,"XRP Up or Down - March 21, 2:50PM-2:55PM ET"
1774119043,2026-03-21 18:50:43,BUY,Down,0.539999939154915,5.178138,2.7961942049357527,"XRP Up or Down - March 21, 2:50PM-2:55PM ET"
1774119043,2026-03-21 18:50:43,BUY,Down,0.5399999625433444,6.3085759999999995,3.406630803701841,"XRP Up or Down - March 21, 2:50PM-2:55PM ET"
1774119045,2026-03-21 18:50:45,BUY,Down,0.5473405076713486,5.73875,3.1410503383989514,"XRP Up or Down - March 21, 2:50PM-2:55PM ET"
1774119045,2026-03-21 18:50:45,BUY,Down,0.73,10.0,7.3,"Ethereum Up or Down - March 21, 2:50PM-2:55PM ET"
1774119045,2026-03-21 18:50:45,BUY,Up,0.3,6.62614,1.987842,"Solana Up or Down - March 21, 2:50PM-2:55PM ET"
1774119045,2026-03-21 18:50:45,BUY,Down,0.73,40.0,29.2,"Ethereum Up or Down - March 21, 2:50PM-2:55PM ET"
1774119051,2026-03-21 18:50:51,BUY,Down,0.79,38.60255,30.4960145,"Ethereum Up or Down - March 21, 2:50PM-2:55PM ET"
1774119055,2026-03-21 18:50:55,BUY,Down,0.81,20.8856,16.917336000000002,"Ethereum Up or Down - March 21, 2:50PM-2:55PM ET"
1774119055,2026-03-21 18:50:55,BUY,Down,0.83,99.50227,82.58688409999999,"Ethereum Up or Down - March 21, 2:50PM-2:55PM ET"
1774119059,2026-03-21 18:50:59,BUY,Up,0.30999989921180576,6.473485999999999,2.0067800075490356,"Solana Up or Down - March 21, 2:50PM-2:55PM ET"
1774119063,2026-03-21 18:51:03,BUY,Up,0.27,2.65,0.7155,"Ethereum Up or Down - March 21, 2:50PM-2:55PM ET"
1774119065,2026-03-21 18:51:05,BUY,Down,0.720000089600031,5.357141,3.857142,"Ethereum Up or Down - March 21, 2:50PM-2:55PM ET"
1774119065,2026-03-21 18:51:05,BUY,Down,0.71,1.39,0.9868999999999999,"Ethereum Up or Down - March 21, 2:50PM-2:55PM ET"
1774119075,2026-03-21 18:51:15,BUY,Up,0.23,26.8,6.164000000000001,"Ethereum Up or Down - March 21, 2:50PM-2:55PM ET"
1774119075,2026-03-21 18:51:15,BUY,Up,0.24,4.0,0.96,"Ethereum Up or Down - March 21, 2:50PM-2:55PM ET"
1774119077,2026-03-21 18:51:17,BUY,Down,0.75,4.0,3.0,"Ethereum Up or Down - March 21, 2:50PM-2:55PM ET"
1774119077,2026-03-21 18:51:17,BUY,Down,0.75,6.0,4.5,"Ethereum Up or Down - March 21, 2:50PM-2:55PM ET"
1774119079,2026-03-21 18:51:19,BUY,Down,0.75,4.0,3.0,"Ethereum Up or Down - March 21, 2:50PM-2:55PM ET"
1774119081,2026-03-21 18:51:21,BUY,Down,0.75,50.0,37.5,"Ethereum Up or Down - March 21, 2:50PM-2:55PM ET"
1774119081,2026-03-21 18:51:21,BUY,Up,0.25,57.57945,14.3948625,"Ethereum Up or Down - March 21, 2:50PM-2:55PM ET"
1774119085,2026-03-21 18:51:25,BUY,Down,0.5799999681707237,5.571281,3.231342802670158,"XRP Up or Down - March 21, 2:50PM-2:55PM ET"
1774119085,2026-03-21 18:51:25,BUY,Down,0.52,6.89098,3.5833096,"XRP Up or Down - March 21, 2:50PM-2:55PM ET"
1774119089,2026-03-21 18:51:29,BUY,Down,0.7699999941400287,8.465565,6.518485000392032,"XRP Up or Down - March 21, 2:50PM-2:55PM ET"
1774119089,2026-03-21 18:51:29,BUY,Down,0.77,6.54567,5.040165900000001,"XRP Up or Down - March 21, 2:50PM-2:55PM ET"
1774119093,2026-03-21 18:51:33,BUY,Up,0.08000000167272772,23.913037,1.9130429999999998,"Ethereum Up or Down - March 21, 2:50PM-2:55PM ET"
1774119097,2026-03-21 18:51:37,BUY,Up,0.08,4.23426,0.3387408,"Ethereum Up or Down - March 21, 2:50PM-2:55PM ET"
1774119099,2026-03-21 18:51:39,BUY,Up,0.08000000395699264,10.108687,0.808695,"Ethereum Up or Down - March 21, 2:50PM-2:55PM ET"
1774119113,2026-03-21 18:51:53,BUY,Up,0.06,50.0,3.0,"Ethereum Up or Down - March 21, 2:50PM-2:55PM ET"
1774119115,2026-03-21 18:51:55,BUY,Up,0.06,76.03949,4.5623694,"Ethereum Up or Down - March 21, 2:50PM-2:55PM ET"
1774119115,2026-03-21 18:51:55,BUY,Up,0.06,80.43599,4.8261594,"Ethereum Up or Down - March 21, 2:50PM-2:55PM ET"
1774119115,2026-03-21 18:51:55,BUY,Down,0.92,10.312095,9.4871274,"XRP Up or Down - March 21, 2:50PM-2:55PM ET"
1774119307,2026-03-21 18:55:07,BUY,Down,0.4600000149776853,29.377036,13.513437,"Ethereum Up or Down - March 21, 2:55PM-3:00PM ET"
1774119311,2026-03-21 18:55:11,BUY,Down,0.4899999281758829,6.167495,3.022072107025117,"XRP Up or Down - March 21, 2:55PM-3:00PM ET"
1774119313,2026-03-21 18:55:13,BUY,Down,0.41,5.0,2.05,"Ethereum Up or Down - March 21, 2:55PM-3:00PM ET"
1774119313,2026-03-21 18:55:13,BUY,Down,0.4100000295000044,8.474575,3.474576,"Ethereum Up or Down - March 21, 2:55PM-3:00PM ET"
1774119315,2026-03-21 18:55:15,BUY,Down,0.41000001090573196,9.16949,3.759491,"Ethereum Up or Down - March 21, 2:55PM-3:00PM ET"
1774119317,2026-03-21 18:55:17,BUY,Up,0.5821182876077553,8.749973,5.093519299374094,"Solana Up or Down - March 21, 2:55PM-3:00PM ET"
1774119317,2026-03-21 18:55:17,BUY,Down,0.39,10.0,3.9000000000000004,"Ethereum Up or Down - March 21, 2:55PM-3:00PM ET"
1774119325,2026-03-21 18:55:25,BUY,Down,0.32,10.19043,3.2609375999999997,"Solana Up or Down - March 21, 2:55PM-3:00PM ET"
1774119327,2026-03-21 18:55:27,BUY,Down,0.3399999687567512,10.745360999999999,3.6534224042800125,"Solana Up or Down - March 21, 2:55PM-3:00PM ET"
1774119335,2026-03-21 18:55:35,BUY,Down,0.33000007816678784,1.791042,0.591044,"Ethereum Up or Down - March 21, 2:55PM-3:00PM ET"
1774119339,2026-03-21 18:55:39,BUY,Down,0.36,7.222860000000001,2.6002296,"Ethereum Up or Down - March 21, 2:55PM-3:00PM ET"
1774119379,2026-03-21 18:56:19,BUY,Up,0.76,11.05,8.398000000000001,"Ethereum Up or Down - March 21, 2:55PM-3:00PM ET"
1774119379,2026-03-21 18:56:19,BUY,Up,0.64,6.90711,4.420550400000001,"XRP Up or Down - March 21, 2:55PM-3:00PM ET"
1774119379,2026-03-21 18:56:19,BUY,Up,0.63,5.454890000000001,3.4365807000000004,"XRP Up or Down - March 21, 2:55PM-3:00PM ET"
1774119381,2026-03-21 18:56:21,BUY,Up,0.7700000465096988,15.695651,12.085652,"Ethereum Up or Down - March 21, 2:55PM-3:00PM ET"
1774119399,2026-03-21 18:56:39,BUY,Down,0.29,1.1180299999999999,0.3242286999999999,"XRP Up or Down - March 21, 2:55PM-3:00PM ET"
1774119399,2026-03-21 18:56:39,BUY,Down,0.28999993733666546,6.789346999999999,1.9689102045568774,"XRP Up or Down - March 21, 2:55PM-3:00PM ET"
1774119403,2026-03-21 18:56:43,BUY,Up,0.84,39.25,32.97,"Ethereum Up or Down - March 21, 2:55PM-3:00PM ET"
1774119405,2026-03-21 18:56:45,BUY,Up,0.84,6.25,5.25,"Ethereum Up or Down - March 21, 2:55PM-3:00PM ET"
1774119405,2026-03-21 18:56:45,BUY,Down,0.29,4.94701,1.4346328999999998,"XRP Up or Down - March 21, 2:55PM-3:00PM ET"
1774119415,2026-03-21 18:56:55,BUY,Down,0.3099999097087203,6.56916,2.036439006862137,"XRP Up or Down - March 21, 2:55PM-3:00PM ET"
1774119415,2026-03-21 18:56:55,BUY,Down,0.16,4.97743,0.7963888,"Ethereum Up or Down - March 21, 2:55PM-3:00PM ET"
1774119415,2026-03-21 18:56:55,BUY,Down,0.23159509202453987,6.46838,1.4980450613496932,"Solana Up or Down - March 21, 2:55PM-3:00PM ET"
1774119415,2026-03-21 18:56:55,BUY,Down,0.3,6.1316500000000005,1.839495,"XRP Up or Down - March 21, 2:55PM-3:00PM ET"
1774119415,2026-03-21 18:56:55,BUY,Down,0.2999999108910715,6.659102,1.9977300066145558,"XRP Up or Down - March 21, 2:55PM-3:00PM ET"
1774119415,2026-03-21 18:56:55,BUY,Down,0.2899999222346143,6.107002,1.771030105086634,"Solana Up or Down - March 21, 2:55PM-3:00PM ET"
1774119415,2026-03-21 18:56:55,BUY,Down,0.2899999051658628,7.198751,2.08763710731266,"Solana Up or Down - March 21, 2:55PM-3:00PM ET"
1774119417,2026-03-21 18:56:57,BUY,Up,0.81,17.17,13.907700000000002,"Ethereum Up or Down - March 21, 2:55PM-3:00PM ET"
1774119419,2026-03-21 18:56:59,BUY,Down,0.17,50.0,8.5,"Ethereum Up or Down - March 21, 2:55PM-3:00PM ET"
1774119421,2026-03-21 18:57:01,BUY,Up,0.71,50.0,35.5,"Ethereum Up or Down - March 21, 2:55PM-3:00PM ET"
1774119433,2026-03-21 18:57:13,BUY,Down,0.2700000584000148,4.109588,1.109589,"Ethereum Up or Down - March 21, 2:55PM-3:00PM ET"
1774119433,2026-03-21 18:57:13,BUY,Down,0.27000000435820937,13.767122,3.7171230000000004,"Ethereum Up or Down - March 21, 2:55PM-3:00PM ET"
1774119433,2026-03-21 18:57:13,BUY,Down,0.2700000437125984,2.28767,0.617671,"Ethereum Up or Down - March 21, 2:55PM-3:00PM ET"
1774119435,2026-03-21 18:57:15,BUY,Up,0.46,8.86117,4.0761382,"XRP Up or Down - March 21, 2:55PM-3:00PM ET"
1774119439,2026-03-21 18:57:19,BUY,Up,0.75,4.0,3.0,"Ethereum Up or Down - March 21, 2:55PM-3:00PM ET"
1774119443,2026-03-21 18:57:23,BUY,Down,0.25,5.0,1.25,"Ethereum Up or Down - March 21, 2:55PM-3:00PM ET"
1774119443,2026-03-21 18:57:23,BUY,Up,0.47131217684158216,9.065402,4.272634350564033,"XRP Up or Down - March 21, 2:55PM-3:00PM ET"
1774119445,2026-03-21 18:57:25,BUY,Up,0.47999996390976357,5.455355,2.618570203114948,"XRP Up or Down - March 21, 2:55PM-3:00PM ET"
1774119455,2026-03-21 18:57:35,BUY,Up,0.49,2.78582,1.3650518,"XRP Up or Down - March 21, 2:55PM-3:00PM ET"
1774119459,2026-03-21 18:57:39,BUY,Up,0.82,0.67,0.5494,"Ethereum Up or Down - March 21, 2:55PM-3:00PM ET"
1774119471,2026-03-21 18:57:51,BUY,Up,0.850000060000006,13.333332,11.333333000000001,"Ethereum Up or Down - March 21, 2:55PM-3:00PM ET"
1774119471,2026-03-21 18:57:51,BUY,Up,0.8500002905570414,2.753332,2.3403329999999998,"Ethereum Up or Down - March 21, 2:55PM-3:00PM ET"
1774119473,2026-03-21 18:57:53,BUY,Up,0.48999992948337895,5.4442710000000005,2.6676924060884053,"XRP Up or Down - March 21, 2:55PM-3:00PM ET"
1774119477,2026-03-21 18:57:57,BUY,Up,0.84,12.0,10.08,"Ethereum Up or Down - March 21, 2:55PM-3:00PM ET"
1774119479,2026-03-21 18:57:59,BUY,Up,0.84,4.0,3.36,"Ethereum Up or Down - March 21, 2:55PM-3:00PM ET"
1774119479,2026-03-21 18:57:59,BUY,Up,0.84,12.0,10.08,"Ethereum Up or Down - March 21, 2:55PM-3:00PM ET"
1774119485,2026-03-21 18:58:05,BUY,Up,0.74,1.31,0.9694,"Ethereum Up or Down - March 21, 2:55PM-3:00PM ET"
1774119485,2026-03-21 18:58:05,BUY,Up,0.74,5.0,3.7,"Ethereum Up or Down - March 21, 2:55PM-3:00PM ET"
1774119485,2026-03-21 18:58:05,BUY,Up,0.75,50.0,37.5,"Ethereum Up or Down - March 21, 2:55PM-3:00PM ET"
1774119487,2026-03-21 18:58:07,BUY,Up,0.74,4.85,3.5889999999999995,"Ethereum Up or Down - March 21, 2:55PM-3:00PM ET"
1774119499,2026-03-21 18:58:19,BUY,Up,0.740000107851887,5.192306,3.842307,"Ethereum Up or Down - March 21, 2:55PM-3:00PM ET"
1774119505,2026-03-21 18:58:25,BUY,Up,0.77,14.72364,11.3372028,"Ethereum Up or Down - March 21, 2:55PM-3:00PM ET"
1774119507,2026-03-21 18:58:27,BUY,Up,0.78,4.41725,3.4454550000000004,"Ethereum Up or Down - March 21, 2:55PM-3:00PM ET"
1774119511,2026-03-21 18:58:31,BUY,Up,0.58,0.35466,0.20570279999999996,"XRP Up or Down - March 21, 2:55PM-3:00PM ET"
1774119529,2026-03-21 18:58:49,BUY,Up,0.85,24.8984,21.163639999999997,"Ethereum Up or Down - March 21, 2:55PM-3:00PM ET"
1774119529,2026-03-21 18:58:49,BUY,Up,0.65,6.71202,4.362813,"XRP Up or Down - March 21, 2:55PM-3:00PM ET"
1774119529,2026-03-21 18:58:49,BUY,Up,0.65,2.79339,1.8157035000000001,"XRP Up or Down - March 21, 2:55PM-3:00PM ET"
1774119529,2026-03-21 18:58:49,BUY,Up,0.8,20.18002,16.144016,"Ethereum Up or Down - March 21, 2:55PM-3:00PM ET"
1774119531,2026-03-21 18:58:51,BUY,Down,0.16000000598574854,20.047618,3.207619,"Ethereum Up or Down - March 21, 2:55PM-3:00PM ET"
1774119531,2026-03-21 18:58:51,BUY,Down,0.16,1.53,0.24480000000000002,"Ethereum Up or Down - March 21, 2:55PM-3:00PM ET"
1774119531,2026-03-21 18:58:51,BUY,Down,0.16,3.07,0.49119999999999997,"Ethereum Up or Down - March 21, 2:55PM-3:00PM ET"
1774119533,2026-03-21 18:58:53,BUY,Down,0.16,1.54,0.2464,"Ethereum Up or Down - March 21, 2:55PM-3:00PM ET"
1774119533,2026-03-21 18:58:53,BUY,Down,0.16000000504000123,23.809518,3.809523,"Ethereum Up or Down - March 21, 2:55PM-3:00PM ET"
1774119533,2026-03-21 18:58:53,BUY,Down,0.15,25.61,3.8415,"Ethereum Up or Down - March 21, 2:55PM-3:00PM ET"
1774119533,2026-03-21 18:58:53,BUY,Down,0.2299998773333079,5.823543999999999,1.339414405645121,"XRP Up or Down - March 21, 2:55PM-3:00PM ET"
1774119533,2026-03-21 18:58:53,BUY,Down,0.2699998630434485,5.06148,1.3665989067971538,"XRP Up or Down - March 21, 2:55PM-3:00PM ET"
1774119535,2026-03-21 18:58:55,BUY,Down,0.15000000283333426,17.647053,2.647058,"Ethereum Up or Down - March 21, 2:55PM-3:00PM ET"
1774119535,2026-03-21 18:58:55,BUY,Down,0.1500000850003315,1.176466,0.17647,"Ethereum Up or Down - March 21, 2:55PM-3:00PM ET"
1774119537,2026-03-21 18:58:57,BUY,Down,0.25,5.94727,1.4868175,"XRP Up or Down - March 21, 2:55PM-3:00PM ET"
1774119543,2026-03-21 18:59:03,BUY,Down,0.25,6.14551,1.5363775,"XRP Up or Down - March 21, 2:55PM-3:00PM ET"
1774119543,2026-03-21 18:59:03,BUY,Down,0.15,39.29,5.8934999999999995,"Ethereum Up or Down - March 21, 2:55PM-3:00PM ET"
1774119547,2026-03-21 18:59:07,BUY,Up,0.8500000346153873,21.666665,18.416666,"Ethereum Up or Down - March 21, 2:55PM-3:00PM ET"
1774119557,2026-03-21 18:59:17,BUY,Down,0.12,0.52,0.0624,"Ethereum Up or Down - March 21, 2:55PM-3:00PM ET"
1774119557,2026-03-21 18:59:17,BUY,Down,0.12,10.568175,1.268181,"Ethereum Up or Down - March 21, 2:55PM-3:00PM ET"
1774119557,2026-03-21 18:59:17,BUY,Down,0.12000001408000541,5.681816,0.681818,"Ethereum Up or Down - March 21, 2:55PM-3:00PM ET"
1774119557,2026-03-21 18:59:17,BUY,Down,0.1200000189247613,2.113633,0.25363600000000003,"Ethereum Up or Down - March 21, 2:55PM-3:00PM ET"
1774119575,2026-03-21 18:59:35,BUY,Down,0.09,13.64,1.2276,"Ethereum Up or Down - March 21, 2:55PM-3:00PM ET"
1774119577,2026-03-21 18:59:37,BUY,Down,0.09,1.0989,0.09890099999999999,"Ethereum Up or Down - March 21, 2:55PM-3:00PM ET"
1774119577,2026-03-21 18:59:37,BUY,Down,0.09,21.5,1.9349999999999998,"Ethereum Up or Down - March 21, 2:55PM-3:00PM ET"
1774119577,2026-03-21 18:59:37,BUY,Down,0.09,5.0,0.44999999999999996,"Ethereum Up or Down - March 21, 2:55PM-3:00PM ET"
1774119577,2026-03-21 18:59:37,BUY,Down,0.09,8.76,0.7884,"Ethereum Up or Down - March 21, 2:55PM-3:00PM ET"
1774119577,2026-03-21 18:59:37,BUY,Down,0.1,4.98988,0.49898800000000004,"Ethereum Up or Down - March 21, 2:55PM-3:00PM ET"
1774119581,2026-03-21 18:59:41,BUY,Down,0.08000000395699264,10.108687,0.808695,"Ethereum Up or Down - March 21, 2:55PM-3:00PM ET"
1774119581,2026-03-21 18:59:41,BUY,Down,0.08000000774737814,5.163037,0.413043,"Ethereum Up or Down - March 21, 2:55PM-3:00PM ET"
1774119595,2026-03-21 18:59:55,BUY,Down,0.04,22.88157,0.9152628,"Ethereum Up or Down - March 21, 2:55PM-3:00PM ET"
1774119595,2026-03-21 18:59:55,BUY,Down,0.04,50.0,2.0,"Ethereum Up or Down - March 21, 2:55PM-3:00PM ET"
1774119617,2026-03-21 19:00:17,,,0.0,12.241089,0.0,"Solana Up or Down - March 21, 2:50PM-2:55PM ET"
1774119617,2026-03-21 19:00:17,,,0.0,60.527907,0.0,"XRP Up or Down - March 21, 2:50PM-2:55PM ET"
1774119617,2026-03-21 19:00:17,,,0.0,365.555035,0.0,"Ethereum Up or Down - March 21, 2:50PM-2:55PM ET"
1774119907,2026-03-21 19:05:07,BUY,Up,0.5400000341891924,12.869564,6.949565,"Ethereum Up or Down - March 21, 3:05PM-3:10PM ET"
1774119907,2026-03-21 19:05:07,BUY,Down,0.45,5.0,2.25,"Ethereum Up or Down - March 21, 3:05PM-3:10PM ET"
1774119909,2026-03-21 19:05:09,BUY,Down,0.45,15.0,6.75,"Ethereum Up or Down - March 21, 3:05PM-3:10PM ET"
1774119909,2026-03-21 19:05:09,,,0.0,53.834088,0.0,"XRP Up or Down - March 21, 2:55PM-3:00PM ET"
1774119909,2026-03-21 19:05:09,,,0.0,8.749973,0.0,"Solana Up or Down - March 21, 2:55PM-3:00PM ET"
1774119909,2026-03-21 19:05:09,,,0.0,340.410596,0.0,"Ethereum Up or Down - March 21, 2:55PM-3:00PM ET"
1774119911,2026-03-21 19:05:11,BUY,Down,0.43,12.46987,5.3620441,"Solana Up or Down - March 21, 3:05PM-3:10PM ET"
1774119913,2026-03-21 19:05:13,BUY,Down,0.5099999876041627,5.558897,2.835037401092817,"Solana Up or Down - March 21, 3:05PM-3:10PM ET"
1774119919,2026-03-21 19:05:19,BUY,Up,0.5300000097367855,18.486594,9.797895,"Ethereum Up or Down - March 21, 3:05PM-3:10PM ET"
1774119921,2026-03-21 19:05:21,BUY,Up,0.5300001081000292,4.255318,2.255319,"Ethereum Up or Down - March 21, 3:05PM-3:10PM ET"
1774119921,2026-03-21 19:05:21,BUY,Down,0.5199999947054544,52.060944,27.07169060436096,"Ethereum Up or Down - March 21, 3:05PM-3:10PM ET"
1774119921,2026-03-21 19:05:21,BUY,Down,0.5142571440277791,52.641001,27.071010833023465,"Ethereum Up or Down - March 21, 3:05PM-3:10PM ET"
1774119921,2026-03-21 19:05:21,BUY,Up,0.48,26.77,12.849599999999999,"Ethereum Up or Down - March 21, 3:05PM-3:10PM ET"
1774119921,2026-03-21 19:05:21,BUY,Up,0.4900000543299098,5.705881,2.7958819999999998,"Ethereum Up or Down - March 21, 3:05PM-3:10PM ET"
1774119921,2026-03-21 19:05:21,BUY,Down,0.63,1.6571799999999999,1.0440234,"Solana Up or Down - March 21, 3:05PM-3:10PM ET"
1774119921,2026-03-21 19:05:21,BUY,Up,0.49000000081600004,24.509802,12.009803,"Ethereum Up or Down - March 21, 3:05PM-3:10PM ET"
1774119921,2026-03-21 19:05:21,BUY,Up,0.49,2.13,1.0436999999999999,"Ethereum Up or Down - March 21, 3:05PM-3:10PM ET"
1774119921,2026-03-21 19:05:21,BUY,Up,0.4900000252362261,8.321371,4.077471999999999,"Ethereum Up or Down - March 21, 3:05PM-3:10PM ET"
1774119921,2026-03-21 19:05:21,BUY,Down,0.45,50.0,22.5,"Ethereum Up or Down - March 21, 3:05PM-3:10PM ET"
1774119923,2026-03-21 19:05:23,BUY,Up,0.5268712833903934,15.732871,8.2891979351855,"Ethereum Up or Down - March 21, 3:05PM-3:10PM ET"
1774119923,2026-03-21 19:05:23,BUY,Up,0.53,90.75004000000001,48.09752120000001,"Ethereum Up or Down - March 21, 3:05PM-3:10PM ET"
1774119923,2026-03-21 19:05:23,BUY,Up,0.529999996605284,23.200466,12.296246901241005,"Ethereum Up or Down - March 21, 3:05PM-3:10PM ET"
1774119923,2026-03-21 19:05:23,BUY,Up,0.32,10.49923,3.3597536000000003,"Solana Up or Down - March 21, 3:05PM-3:10PM ET"
1774119923,2026-03-21 19:05:23,BUY,Up,0.5299999698267307,15.008792,7.954659307135677,"Ethereum Up or Down - March 21, 3:05PM-3:10PM ET"
1774119923,2026-03-21 19:05:23,BUY,Up,0.5299999843018318,26.339684,13.960032106515209,"Ethereum Up or Down - March 21, 3:05PM-3:10PM ET"
1774119923,2026-03-21 19:05:23,BUY,Up,0.53,2.6482799999999997,1.4035883999999998,"Ethereum Up or Down - March 21, 3:05PM-3:10PM ET"
1774119923,2026-03-21 19:05:23,BUY,Up,0.31,10.87418,3.3709958,"Solana Up or Down - March 21, 3:05PM-3:10PM ET"
1774119923,2026-03-21 19:05:23,BUY,Up,0.5299999946247455,9.157595,4.853525300775596,"Ethereum Up or Down - March 21, 3:05PM-3:10PM ET"
1774119923,2026-03-21 19:05:23,BUY,Up,0.48000000344393695,23.229229,11.150030000000001,"Ethereum Up or Down - March 21, 3:05PM-3:10PM ET"
1774119923,2026-03-21 19:05:23,BUY,Up,0.3099999224999798,6.250269,1.9375829056040264,"Solana Up or Down - March 21, 3:05PM-3:10PM ET"
1774119923,2026-03-21 19:05:23,BUY,Up,0.49000002576842516,9.313724,4.563725,"Ethereum Up or Down - March 21, 3:05PM-3:10PM ET"
1774119923,2026-03-21 19:05:23,BUY,Up,0.5320196971187016,23.205284000000002,12.345668165233453,"Ethereum Up or Down - March 21, 3:05PM-3:10PM ET"
1774119931,2026-03-21 19:05:31,BUY,Down,0.470000022991607,16.092829,7.563629999999999,"Ethereum Up or Down - March 21, 3:05PM-3:10PM ET"
1774119937,2026-03-21 19:05:37,BUY,Down,0.4700000025728158,15.547168,7.307168999999999,"Ethereum Up or Down - March 21, 3:05PM-3:10PM ET"
1774119945,2026-03-21 19:05:45,BUY,Up,0.4,6.16,2.4640000000000004,"XRP Up or Down - March 21, 3:05PM-3:10PM ET"
1774119955,2026-03-21 19:05:55,BUY,Down,0.64,6.34,4.0576,"Ethereum Up or Down - March 21, 3:05PM-3:10PM ET"
1774119955,2026-03-21 19:05:55,BUY,Down,0.64,36.66,23.4624,"Ethereum Up or Down - March 21, 3:05PM-3:10PM ET"
1774119957,2026-03-21 19:05:57,BUY,Up,0.36412717760536983,63.266504000000005,23.037053538478844,"Ethereum Up or Down - March 21, 3:05PM-3:10PM ET"
1774119957,2026-03-21 19:05:57,BUY,Down,0.64,7.0,4.48,"Ethereum Up or Down - March 21, 3:05PM-3:10PM ET"
1774119961,2026-03-21 19:06:01,BUY,Down,0.66,50.0,33.0,"Ethereum Up or Down - March 21, 3:05PM-3:10PM ET"
1774119963,2026-03-21 19:06:03,BUY,Down,0.67,7.0,4.69,"Ethereum Up or Down - March 21, 3:05PM-3:10PM ET"
1774119963,2026-03-21 19:06:03,BUY,Down,0.67,12.0,8.040000000000001,"Ethereum Up or Down - March 21, 3:05PM-3:10PM ET"
1774119963,2026-03-21 19:06:03,BUY,Down,0.67,12.0,8.040000000000001,"Ethereum Up or Down - March 21, 3:05PM-3:10PM ET"
1774119963,2026-03-21 19:06:03,BUY,Down,0.67,12.0,8.040000000000001,"Ethereum Up or Down - March 21, 3:05PM-3:10PM ET"
1774119963,2026-03-21 19:06:03,BUY,Down,0.67,7.0,4.69,"Ethereum Up or Down - March 21, 3:05PM-3:10PM ET"
1774119993,2026-03-21 19:06:33,BUY,Down,0.75,50.0,37.5,"Ethereum Up or Down - March 21, 3:05PM-3:10PM ET"
1774119999,2026-03-21 19:06:39,BUY,Down,0.75,13.43,10.0725,"Ethereum Up or Down - March 21, 3:05PM-3:10PM ET"
1774119999,2026-03-21 19:06:39,BUY,Down,0.75,20.0,15.0,"Ethereum Up or Down - March 21, 3:05PM-3:10PM ET"
1774120011,2026-03-21 19:06:51,BUY,Down,0.77,9.92159,7.6396243,"Ethereum Up or Down - March 21, 3:05PM-3:10PM ET"
1774120027,2026-03-21 19:07:07,BUY,Up,0.16,3.85095,0.616152,"Ethereum Up or Down - March 21, 3:05PM-3:10PM ET"
1774120027,2026-03-21 19:07:07,BUY,Up,0.16,5.0,0.8,"Ethereum Up or Down - March 21, 3:05PM-3:10PM ET"
1774120029,2026-03-21 19:07:09,BUY,Up,0.16,39.5119,6.321904,"Ethereum Up or Down - March 21, 3:05PM-3:10PM ET"
1774120029,2026-03-21 19:07:09,BUY,Down,0.82,50.0,41.0,"Ethereum Up or Down - March 21, 3:05PM-3:10PM ET"
1774120031,2026-03-21 19:07:11,BUY,Up,0.1836734693877551,7.3087,1.3424142857142858,"Solana Up or Down - March 21, 3:05PM-3:10PM ET"
1774120031,2026-03-21 19:07:11,BUY,Down,0.5499999830665009,14.537545000000001,7.995649503828496,"XRP Up or Down - March 21, 3:05PM-3:10PM ET"
1774120031,2026-03-21 19:07:11,BUY,Down,0.5399999612555995,8.131858000000001,4.391203004936037,"XRP Up or Down - March 21, 3:05PM-3:10PM ET"
1774120031,2026-03-21 19:07:11,BUY,Up,0.2599999403821603,11.965162,3.1109414066628895,"Solana Up or Down - March 21, 3:05PM-3:10PM ET"
1774120031,2026-03-21 19:07:11,BUY,Up,0.23,3.88927,0.8945320999999999,"Solana Up or Down - March 21, 3:05PM-3:10PM ET"
1774120033,2026-03-21 19:07:13,BUY,Down,0.5799999824773366,5.622235,3.260896201483469,"XRP Up or Down - March 21, 3:05PM-3:10PM ET"
1774120033,2026-03-21 19:07:13,BUY,Up,0.39,14.78777,5.7672303000000005,"Ethereum Up or Down - March 21, 3:05PM-3:10PM ET"
1774120033,2026-03-21 19:07:13,BUY,Down,0.590000030578389,16.024389,9.45439,"Ethereum Up or Down - March 21, 3:05PM-3:10PM ET"
1774120033,2026-03-21 19:07:13,BUY,Up,0.47,6.95,3.2664999999999997,"Ethereum Up or Down - March 21, 3:05PM-3:10PM ET"
1774120033,2026-03-21 19:07:13,BUY,Up,0.47,17.93,8.4271,"Ethereum Up or Down - March 21, 3:05PM-3:10PM ET"
1774120033,2026-03-21 19:07:13,BUY,Up,0.47,4.92244,2.3135467999999997,"Ethereum Up or Down - March 21, 3:05PM-3:10PM ET"
1774120035,2026-03-21 19:07:15,BUY,Up,0.47,12.0,5.64,"Ethereum Up or Down - March 21, 3:05PM-3:10PM ET"
1774120035,2026-03-21 19:07:15,BUY,Up,0.48,12.60064,6.0483072,"Ethereum Up or Down - March 21, 3:05PM-3:10PM ET"
1774120035,2026-03-21 19:07:15,BUY,Up,0.47,5.0,2.3499999999999996,"Ethereum Up or Down - March 21, 3:05PM-3:10PM ET"
1774120035,2026-03-21 19:07:15,BUY,Up,0.47,6.91,3.2477,"Ethereum Up or Down - March 21, 3:05PM-3:10PM ET"
1774120045,2026-03-21 19:07:25,,,0.0,515.717921,0.0,"Ethereum Up or Down - March 21, 3:05PM-3:10PM ET"
1774120051,2026-03-21 19:07:31,BUY,Up,0.4699999438043342,5.781249,2.717186705118863,"XRP Up or Down - March 21, 3:05PM-3:10PM ET"
1774120051,2026-03-21 19:07:31,BUY,Up,0.48788574947303603,8.312809999999999,4.055701537076948,"XRP Up or Down - March 21, 3:05PM-3:10PM ET"
1774120051,2026-03-21 19:07:31,BUY,Down,0.3799999583225718,8.044692999999999,3.0569830047178845,"XRP Up or Down - March 21, 3:05PM-3:10PM ET"
1774120051,2026-03-21 19:07:31,BUY,Down,0.37908511174942544,21.019251999999998,7.968085493309333,"XRP Up or Down - March 21, 3:05PM-3:10PM ET"
1774120053,2026-03-21 19:07:33,BUY,Up,0.45,50.0,22.5,"Ethereum Up or Down - March 21, 3:05PM-3:10PM ET"
1774120053,2026-03-21 19:07:33,BUY,Down,0.54,6.39,3.4506,"Ethereum Up or Down - March 21, 3:05PM-3:10PM ET"
1774120057,2026-03-21 19:07:37,BUY,Up,0.4400001568001129,1.785713,0.785714,"Ethereum Up or Down - March 21, 3:05PM-3:10PM ET"
1774120057,2026-03-21 19:07:37,BUY,Up,0.44,4.26,1.8743999999999998,"Ethereum Up or Down - March 21, 3:05PM-3:10PM ET"
1774120059,2026-03-21 19:07:39,BUY,Down,0.3299999486666584,9.428803,3.1115045059880346,"XRP Up or Down - March 21, 3:05PM-3:10PM ET"
1774120065,2026-03-21 19:07:45,BUY,Up,0.44,13.0,5.72,"Ethereum Up or Down - March 21, 3:05PM-3:10PM ET"
1774120093,2026-03-21 19:08:13,BUY,Down,0.4199999902325579,50.431055,21.18104260741759,"Ethereum Up or Down - March 21, 3:05PM-3:10PM ET"
1774120093,2026-03-21 19:08:13,BUY,Down,0.41111044972253774,51.531069,21.184960951273123,"Ethereum Up or Down - March 21, 3:05PM-3:10PM ET"
1774120093,2026-03-21 19:08:13,BUY,Down,0.4899999637470107,8.417519,4.124584004839774,"Solana Up or Down - March 21, 3:05PM-3:10PM ET"
1774120093,2026-03-21 19:08:13,BUY,Down,0.3917011758444379,162.32917999999998,63.584530679863406,"Ethereum Up or Down - March 21, 3:05PM-3:10PM ET"
1774120093,2026-03-21 19:08:13,BUY,Down,0.48999996680644314,6.227759,3.0516017032785276,"Solana Up or Down - March 21, 3:05PM-3:10PM ET"
1774120093,2026-03-21 19:08:13,BUY,Down,0.4899999274622245,6.649641,3.258323607649834,"Solana Up or Down - March 21, 3:05PM-3:10PM ET"
1774120093,2026-03-21 19:08:13,BUY,Down,0.42,50.0,21.0,"Ethereum Up or Down - March 21, 3:05PM-3:10PM ET"
1774120095,2026-03-21 19:08:15,BUY,Down,0.4899999548058184,8.276892,4.05567670593264,"Solana Up or Down - March 21, 3:05PM-3:10PM ET"
1774120095,2026-03-21 19:08:15,BUY,Down,0.43999997555555354,16.115264999999997,7.090716206071266,"Ethereum Up or Down - March 21, 3:05PM-3:10PM ET"
1774120095,2026-03-21 19:08:15,BUY,Down,0.44,8.8634,3.899896,"Ethereum Up or Down - March 21, 3:05PM-3:10PM ET"
1774120095,2026-03-21 19:08:15,BUY,Down,0.48999998687499646,6.750091,3.3075445014050318,"Solana Up or Down - March 21, 3:05PM-3:10PM ET"
1774120095,2026-03-21 19:08:15,BUY,Down,0.48999994515814366,8.256803999999999,4.04583350718154,"Solana Up or Down - March 21, 3:05PM-3:10PM ET"
1774120107,2026-03-21 19:08:27,BUY,Down,0.4899999967114087,8.980027,4.400213200468361,"Solana Up or Down - March 21, 3:05PM-3:10PM ET"
1774120107,2026-03-21 19:08:27,BUY,Down,0.4899999677631494,6.10722,2.9925376031224613,"Solana Up or Down - March 21, 3:05PM-3:10PM ET"
1774120107,2026-03-21 19:08:27,BUY,Down,0.4899999656742521,11.47113,5.620853306244883,"Solana Up or Down - March 21, 3:05PM-3:10PM ET"
1774120107,2026-03-21 19:08:27,BUY,Down,0.48999999447887177,7.131786,3.494575100624495,"Solana Up or Down - March 21, 3:05PM-3:10PM ET"
1774120107,2026-03-21 19:08:27,BUY,Down,0.48999998826347096,10.064867999999999,4.931785201873384,"Solana Up or Down - March 21, 3:05PM-3:10PM ET"
1774120109,2026-03-21 19:08:29,BUY,Up,0.43,41.96,18.0428,"Ethereum Up or Down - March 21, 3:05PM-3:10PM ET"
1774120109,2026-03-21 19:08:29,BUY,Up,0.43,4.53,1.9479000000000002,"Ethereum Up or Down - March 21, 3:05PM-3:10PM ET"
1774120109,2026-03-21 19:08:29,BUY,Up,0.43000009405007855,3.508769,1.508771,"Ethereum Up or Down - March 21, 3:05PM-3:10PM ET"
1774120111,2026-03-21 19:08:31,BUY,Down,0.575,25.2178,14.500235,"Ethereum Up or Down - March 21, 3:05PM-3:10PM ET"
1774120111,2026-03-21 19:08:31,BUY,Up,0.3633700875383418,154.76622300000002,56.23741599948854,"Ethereum Up or Down - March 21, 3:05PM-3:10PM ET"
1774120111,2026-03-21 19:08:31,BUY,Up,0.33,50.0,16.5,"Ethereum Up or Down - March 21, 3:05PM-3:10PM ET"
1774120111,2026-03-21 19:08:31,BUY,Up,0.34,50.0,17.0,"Ethereum Up or Down - March 21, 3:05PM-3:10PM ET"
1774120113,2026-03-21 19:08:33,BUY,Down,0.65,39.20607,25.483945499999997,"Ethereum Up or Down - March 21, 3:05PM-3:10PM ET"
1774120113,2026-03-21 19:08:33,BUY,Up,0.36,10.0,3.5999999999999996,"Ethereum Up or Down - March 21, 3:05PM-3:10PM ET"
1774120113,2026-03-21 19:08:33,BUY,Down,0.3199646700668261,6.794376,2.1739602751499616,"XRP Up or Down - March 21, 3:05PM-3:10PM ET"
1774120113,2026-03-21 19:08:33,BUY,Down,0.21,8.93808,1.8769967999999997,"XRP Up or Down - March 21, 3:05PM-3:10PM ET"
1774120117,2026-03-21 19:08:37,BUY,Up,0.21999989696200836,7.128957,1.5683698054465882,"Solana Up or Down - March 21, 3:05PM-3:10PM ET"
1774120117,2026-03-21 19:08:37,BUY,Up,0.2252945610579087,8.457272,1.9053773829873417,"Solana Up or Down - March 21, 3:05PM-3:10PM ET"
1774120117,2026-03-21 19:08:37,BUY,Up,0.22,4.9632,1.091904,"Solana Up or Down - March 21, 3:05PM-3:10PM ET"
1774120117,2026-03-21 19:08:37,BUY,Up,0.21999989282049634,7.038708,1.54851500559477,"Solana Up or Down - March 21, 3:05PM-3:10PM ET"
1774120119,2026-03-21 19:08:39,BUY,Up,0.22999989927004358,5.90982,1.359258004704089,"Solana Up or Down - March 21, 3:05PM-3:10PM ET"
1774120119,2026-03-21 19:08:39,BUY,Up,0.2399998947096557,6.404622000000001,1.5371086056551446,"Solana Up or Down - March 21, 3:05PM-3:10PM ET"
1774120119,2026-03-21 19:08:39,BUY,Up,0.23,5.95296,1.3691808,"Solana Up or Down - March 21, 3:05PM-3:10PM ET"
1774120119,2026-03-21 19:08:39,BUY,Up,0.22999989451124725,5.737266999999999,1.3195708047828598,"Solana Up or Down - March 21, 3:05PM-3:10PM ET"
1774120119,2026-03-21 19:08:39,BUY,Up,0.23,2.68876,0.6184147999999999,"Solana Up or Down - March 21, 3:05PM-3:10PM ET"
1774120119,2026-03-21 19:08:39,BUY,Up,0.2299998773333079,5.823543999999999,1.339414405645121,"Solana Up or Down - March 21, 3:05PM-3:10PM ET"
1774120121,2026-03-21 19:08:41,BUY,Down,0.67,25.2,16.884,"Ethereum Up or Down - March 21, 3:05PM-3:10PM ET"
1774120121,2026-03-21 19:08:41,BUY,Down,0.71,0.49,0.3479,"Ethereum Up or Down - March 21, 3:05PM-3:10PM ET"
1774120123,2026-03-21 19:08:43,BUY,Up,0.2900000091025687,5.492955,1.5929570000000002,"Ethereum Up or Down - March 21, 3:05PM-3:10PM ET"
1774120125,2026-03-21 19:08:45,BUY,Up,0.3,9.0,2.6999999999999997,"Ethereum Up or Down - March 21, 3:05PM-3:10PM ET"
1774120125,2026-03-21 19:08:45,BUY,Up,0.3,5.0,1.5,"Ethereum Up or Down - March 21, 3:05PM-3:10PM ET"
1774120125,2026-03-21 19:08:45,BUY,Down,0.75,5.075,3.8062500000000004,"Solana Up or Down - March 21, 3:05PM-3:10PM ET"
1774120125,2026-03-21 19:08:45,BUY,Up,0.3,7.78,2.334,"Ethereum Up or Down - March 21, 3:05PM-3:10PM ET"
1774120127,2026-03-21 19:08:47,BUY,Down,0.6600002888211763,1.731175,1.1425759999999998,"Ethereum Up or Down - March 21, 3:05PM-3:10PM ET"
1774120127,2026-03-21 19:08:47,BUY,Up,0.31,4.94281,1.5322711,"Ethereum Up or Down - March 21, 3:05PM-3:10PM ET"
1774120131,2026-03-21 19:08:51,BUY,Down,0.71,8.47,6.0137,"Ethereum Up or Down - March 21, 3:05PM-3:10PM ET"
1774120131,2026-03-21 19:08:51,BUY,Down,0.7,2.11641,1.481487,"Ethereum Up or Down - March 21, 3:05PM-3:10PM ET"
1774120131,2026-03-21 19:08:51,BUY,Down,0.6900001705000767,3.225805,2.2258059999999995,"Ethereum Up or Down - March 21, 3:05PM-3:10PM ET"
1774120131,2026-03-21 19:08:51,BUY,Down,0.71,2.0,1.42,"Ethereum Up or Down - March 21, 3:05PM-3:10PM ET"
1774120143,2026-03-21 19:09:03,BUY,Down,0.72,4.89,3.5207999999999995,"Ethereum Up or Down - March 21, 3:05PM-3:10PM ET"
1774120143,2026-03-21 19:09:03,BUY,Down,0.7325501432664756,69.13019,50.64133058853868,"Ethereum Up or Down - March 21, 3:05PM-3:10PM ET"
1774120143,2026-03-21 19:09:03,BUY,Down,0.72,25.0,18.0,"Ethereum Up or Down - March 21, 3:05PM-3:10PM ET"
1774120147,2026-03-21 19:09:07,BUY,Up,0.140000022681343,5.290692,0.740697,"Ethereum Up or Down - March 21, 3:05PM-3:10PM ET"
1774120147,2026-03-21 19:09:07,BUY,Up,0.14,9.79,1.3706,"Ethereum Up or Down - March 21, 3:05PM-3:10PM ET"
1774120147,2026-03-21 19:09:07,BUY,Up,0.15,5.0,0.75,"Ethereum Up or Down - March 21, 3:05PM-3:10PM ET"
1774120147,2026-03-21 19:09:07,BUY,Up,0.15,2.0,0.3,"Ethereum Up or Down - March 21, 3:05PM-3:10PM ET"
1774120147,2026-03-21 19:09:07,BUY,Up,0.15,3.22,0.483,"Ethereum Up or Down - March 21, 3:05PM-3:10PM ET"
1774120147,2026-03-21 19:09:07,BUY,Up,0.15,10.0,1.5,"Ethereum Up or Down - March 21, 3:05PM-3:10PM ET"
1774120147,2026-03-21 19:09:07,BUY,Up,0.15,10.0,1.5,"Ethereum Up or Down - March 21, 3:05PM-3:10PM ET"
1774120147,2026-03-21 19:09:07,BUY,Up,0.15,10.0,1.5,"Ethereum Up or Down - March 21, 3:05PM-3:10PM ET"
1774120147,2026-03-21 19:09:07,BUY,Up,0.15,9.78,1.4669999999999999,"Ethereum Up or Down - March 21, 3:05PM-3:10PM ET"
1774120149,2026-03-21 19:09:09,BUY,Up,0.14000001008798235,11.895342,1.665348,"Ethereum Up or Down - March 21, 3:05PM-3:10PM ET"
1774120149,2026-03-21 19:09:09,BUY,Up,0.14,50.0,7.000000000000001,"Ethereum Up or Down - March 21, 3:05PM-3:10PM ET"
1774120149,2026-03-21 19:09:09,BUY,Up,0.14,9.49,1.3286000000000002,"Ethereum Up or Down - March 21, 3:05PM-3:10PM ET"
1774120149,2026-03-21 19:09:09,BUY,Up,0.14,9.0,1.2600000000000002,"Ethereum Up or Down - March 21, 3:05PM-3:10PM ET"
1774120149,2026-03-21 19:09:09,BUY,Up,0.14,9.0,1.2600000000000002,"Ethereum Up or Down - March 21, 3:05PM-3:10PM ET"
1774120149,2026-03-21 19:09:09,BUY,Up,0.1400000860004214,1.162785,0.16279,"Ethereum Up or Down - March 21, 3:05PM-3:10PM ET"
1774120149,2026-03-21 19:09:09,BUY,Up,0.14000001601490025,6.244185,0.8741859999999999,"Ethereum Up or Down - March 21, 3:05PM-3:10PM ET"
1774120151,2026-03-21 19:09:11,BUY,Up,0.14,14.34,2.0076,"Ethereum Up or Down - March 21, 3:05PM-3:10PM ET"
1774120151,2026-03-21 19:09:11,BUY,Up,0.14,6.49,0.9086000000000001,"Ethereum Up or Down - March 21, 3:05PM-3:10PM ET"
1774120151,2026-03-21 19:09:11,BUY,Down,0.3794188428711355,5.769961,2.18923192603158,"XRP Up or Down - March 21, 3:05PM-3:10PM ET"
1774120151,2026-03-21 19:09:11,BUY,Down,0.86,88.79703,76.3654458,"Ethereum Up or Down - March 21, 3:05PM-3:10PM ET"
1774120151,2026-03-21 19:09:11,BUY,Up,0.1400000057912481,17.267435,2.417441,"Ethereum Up or Down - March 21, 3:05PM-3:10PM ET"
1774120151,2026-03-21 19:09:11,BUY,Down,0.36979519481047923,7.709023999999999,2.8507600318786595,"XRP Up or Down - March 21, 3:05PM-3:10PM ET"
1774120153,2026-03-21 19:09:13,BUY,Down,0.77,14.88,11.457600000000001,"Ethereum Up or Down - March 21, 3:05PM-3:10PM ET"
1774120153,2026-03-21 19:09:13,BUY,Down,0.7700002649133357,2.529129,1.94743,"Ethereum Up or Down - March 21, 3:05PM-3:10PM ET"
1774120153,2026-03-21 19:09:13,BUY,Up,0.12,44.87455,5.384945999999999,"Ethereum Up or Down - March 21, 3:05PM-3:10PM ET"
1774120153,2026-03-21 19:09:13,BUY,Up,0.11,42.697449999999996,4.6967194999999995,"Ethereum Up or Down - March 21, 3:05PM-3:10PM ET"
1774120153,2026-03-21 19:09:13,BUY,Down,0.7700000562869298,10.304346,7.934347000000001,"Ethereum Up or Down - March 21, 3:05PM-3:10PM ET"
1774120157,2026-03-21 19:09:17,BUY,Up,0.25,50.0,12.5,"Ethereum Up or Down - March 21, 3:05PM-3:10PM ET"
1774120157,2026-03-21 19:09:17,BUY,Up,0.28327251995438996,130.19435000000001,36.880481608323834,"Ethereum Up or Down - March 21, 3:05PM-3:10PM ET"
1774120157,2026-03-21 19:09:17,BUY,Down,0.6900000131515159,31.935482,22.035483,"Ethereum Up or Down - March 21, 3:05PM-3:10PM ET"
1774120157,2026-03-21 19:09:17,BUY,Down,0.7561904761904762,83.28619,62.98022367619048,"Ethereum Up or Down - March 21, 3:05PM-3:10PM ET"
1774120157,2026-03-21 19:09:17,BUY,Down,0.75,16.85059,12.637942500000001,"Ethereum Up or Down - March 21, 3:05PM-3:10PM ET"
1774120157,2026-03-21 19:09:17,BUY,Down,0.69,4.54,3.1325999999999996,"Ethereum Up or Down - March 21, 3:05PM-3:10PM ET"
1774120157,2026-03-21 19:09:17,BUY,Down,0.73,50.0,36.5,"Ethereum Up or Down - March 21, 3:05PM-3:10PM ET"
1774120159,2026-03-21 19:09:19,BUY,Down,0.82,50.0,41.0,"Ethereum Up or Down - March 21, 3:05PM-3:10PM ET"
1774120159,2026-03-21 19:09:19,BUY,Down,0.73,50.0,36.5,"Ethereum Up or Down - March 21, 3:05PM-3:10PM ET"
1774120159,2026-03-21 19:09:19,BUY,Up,0.07589123867069486,20.66207,1.5680700858006043,"Solana Up or Down - March 21, 3:05PM-3:10PM ET"
1774120161,2026-03-21 19:09:21,BUY,Down,0.86,17.17,14.766200000000001,"Ethereum Up or Down - March 21, 3:05PM-3:10PM ET"
1774120163,2026-03-21 19:09:23,BUY,Down,0.86,32.83,28.2338,"Ethereum Up or Down - March 21, 3:05PM-3:10PM ET"
1774120165,2026-03-21 19:09:25,BUY,Down,0.89,12.76933,11.3647037,"Ethereum Up or Down - March 21, 3:05PM-3:10PM ET"
1774120167,2026-03-21 19:09:27,,,0.0,668.847924,0.0,"Ethereum Up or Down - March 21, 3:05PM-3:10PM ET"
1774120171,2026-03-21 19:09:31,BUY,Up,0.09,8.0,0.72,"Ethereum Up or Down - March 21, 3:05PM-3:10PM ET"
1774120171,2026-03-21 19:09:31,BUY,Up,0.09000001525993002,3.931866,0.353868,"Ethereum Up or Down - March 21, 3:05PM-3:10PM ET"
1774120173,2026-03-21 19:09:33,BUY,Up,0.09,30.69,2.7621,"Ethereum Up or Down - March 21, 3:05PM-3:10PM ET"
1774120173,2026-03-21 19:09:33,BUY,Up,0.09000000580851307,5.164833,0.46483499999999994,"Ethereum Up or Down - March 21, 3:05PM-3:10PM ET"
1774120173,2026-03-21 19:09:33,BUY,Up,0.09,2.1978,0.19780199999999998,"Ethereum Up or Down - March 21, 3:05PM-3:10PM ET"
1774120177,2026-03-21 19:09:37,BUY,Up,0.11,16.66,1.8326,"Ethereum Up or Down - March 21, 3:05PM-3:10PM ET"
1774120177,2026-03-21 19:09:37,BUY,Up,0.11,9.27,1.0197,"Ethereum Up or Down - March 21, 3:05PM-3:10PM ET"
1774120179,2026-03-21 19:09:39,BUY,Up,0.11000001424001402,5.617972,0.617977,"Ethereum Up or Down - March 21, 3:05PM-3:10PM ET"
1774120179,2026-03-21 19:09:39,BUY,Up,0.11000001424001402,5.617972,0.617977,"Ethereum Up or Down - March 21, 3:05PM-3:10PM ET"
1774120179,2026-03-21 19:09:39,BUY,Up,0.11,5.0,0.55,"Ethereum Up or Down - March 21, 3:05PM-3:10PM ET"
1774120179,2026-03-21 19:09:39,BUY,Up,0.1100000890004361,1.12359,0.12359500000000001,"Ethereum Up or Down - March 21, 3:05PM-3:10PM ET"
1774120181,2026-03-21 19:09:41,BUY,Up,0.1100000890004361,1.12359,0.12359500000000001,"Ethereum Up or Down - March 21, 3:05PM-3:10PM ET"
1774120181,2026-03-21 19:09:41,BUY,Up,0.1100000890004361,1.12359,0.12359500000000001,"Ethereum Up or Down - March 21, 3:05PM-3:10PM ET"
1774120181,2026-03-21 19:09:41,BUY,Up,0.11,4.44,0.48840000000000006,"Ethereum Up or Down - March 21, 3:05PM-3:10PM ET"
1774120185,2026-03-21 19:09:45,BUY,Up,0.1,4.0,0.4,"Ethereum Up or Down - March 21, 3:05PM-3:10PM ET"
1774120187,2026-03-21 19:09:47,BUY,Up,0.0700000041844821,9.559128,0.6691389999999999,"Ethereum Up or Down - March 21, 3:05PM-3:10PM ET"
1774120187,2026-03-21 19:09:47,BUY,Up,0.07,7.0,0.49000000000000005,"Ethereum Up or Down - March 21, 3:05PM-3:10PM ET"
1774120189,2026-03-21 19:09:49,BUY,Up,0.07000000139500034,21.505371,1.505376,"Ethereum Up or Down - March 21, 3:05PM-3:10PM ET"
1774120189,2026-03-21 19:09:49,BUY,Up,0.07000000302603265,9.913971,0.693978,"Ethereum Up or Down - March 21, 3:05PM-3:10PM ET"
1774120195,2026-03-21 19:09:55,BUY,Up,0.05,15.0,0.75,"Ethereum Up or Down - March 21, 3:05PM-3:10PM ET"
1774120195,2026-03-21 19:09:55,BUY,Up,0.05,1.58,0.07900000000000001,"Ethereum Up or Down - March 21, 3:05PM-3:10PM ET"
1774120195,2026-03-21 19:09:55,BUY,Up,0.05,33.41052,1.670526,"Ethereum Up or Down - March 21, 3:05PM-3:10PM ET"
1774120199,2026-03-21 19:09:59,BUY,Up,0.04,9.60415,0.384166,"Ethereum Up or Down - March 21, 3:05PM-3:10PM ET"
1774120199,2026-03-21 19:09:59,BUY,Up,0.04,9.60415,0.384166,"Ethereum Up or Down - March 21, 3:05PM-3:10PM ET"
1774120199,2026-03-21 19:09:59,BUY,Up,0.04,1.04165,0.041666,"Ethereum Up or Down - March 21, 3:05PM-3:10PM ET"
1774120199,2026-03-21 19:09:59,BUY,Up,0.04,10.0,0.4,"Ethereum Up or Down - March 21, 3:05PM-3:10PM ET"
1774120199,2026-03-21 19:09:59,BUY,Up,0.04,2.27,0.0908,"Ethereum Up or Down - March 21, 3:05PM-3:10PM ET"
