id,collected_at,wallet_name,wallet_addr,tx_hash,timestamp,time_utc,side,outcome,price,size,usdc,market
28001,1774219189.474231,wallet_9,0x37c94ea1b44e01b18a1ce3ab6f8002bd6b9d7e6d,0x8a25b8d0cba229f342cd225589ceb7b21dff8392157e38c8260d9125e8c24479,1774219171,2026-03-22 22:39:31,SELL,Down,0.14,46.54,6.5156,"Bitcoin Up or Down - March 22, 6:35PM-6:40PM ET"
28002,1774219189.474231,wallet_9,0x37c94ea1b44e01b18a1ce3ab6f8002bd6b9d7e6d,0x1595f2186adce77747a1fc20de8d046188b6f599af7e81ad0e3926aa34a6c15d,1774219169,2026-03-22 22:39:29,BUY,Down,0.20999996170939778,16.599284,3.4858490044034194,"Bitcoin Up or Down - March 22, 6:35PM-6:40PM ET"
28003,1774219189.474231,wallet_9,0x37c94ea1b44e01b18a1ce3ab6f8002bd6b9d7e6d,0x142cc87e02c1f6e65764e1c5104093f10724647dc27697c1a218555c08ffa572,1774219169,2026-03-22 22:39:29,SELL,Up,0.81,5.0,4.050000000000001,"Bitcoin Up or Down - March 22, 6:35PM-6:40PM ET"
28004,1774219189.474231,wallet_9,0x37c94ea1b44e01b18a1ce3ab6f8002bd6b9d7e6d,0xaa9eb13af203d88184000622ba8c9fa0630822c17ae1897e7e7f1d73b644d077,1774219165,2026-03-22 22:39:25,SELL,Down,0.27464644877435573,63.64,17.4785,"Bitcoin Up or Down - March 22, 6:35PM-6:40PM ET"
28005,1774219189.474231,wallet_9,0x37c94ea1b44e01b18a1ce3ab6f8002bd6b9d7e6d,0x7b7c9a0709c8f5c99fdb29199c1af48692deea12ea9102986907bb5a85535cb7,1774219163,2026-03-22 22:39:23,BUY,Down,0.20524884732007836,31.361417,6.43689468957431,"Bitcoin Up or Down - March 22, 6:35PM-6:40PM ET"
28006,1774219189.474231,wallet_9,0x37c94ea1b44e01b18a1ce3ab6f8002bd6b9d7e6d,0x98cf5af68f0e772a211e5e6c4ede28b6f0f8cf768b3db2544cfcacc8da5f20b7,1774219161,2026-03-22 22:39:21,BUY,Down,0.16999994683397293,15.159463,2.57710790403158,"Bitcoin Up or Down - March 22, 6:35PM-6:40PM ET"
28007,1774219189.474231,wallet_9,0x37c94ea1b44e01b18a1ce3ab6f8002bd6b9d7e6d,0x3edeed8dcc5b76a52401a9d66bb498b7093568f323daeeec6605bb9ec8bc1201,1774219159,2026-03-22 22:39:19,SELL,Down,0.12239863214460185,20.47,2.5054999999999996,"Bitcoin Up or Down - March 22, 6:35PM-6:40PM ET"
28008,1774219189.474231,wallet_9,0x37c94ea1b44e01b18a1ce3ab6f8002bd6b9d7e6d,0xadbe845c3f04788aa6a13be41735412d3fead68d4a00d967cd82fa7b6935dbe0,1774219159,2026-03-22 22:39:19,SELL,Down,0.15,19.69,2.9535,"Bitcoin Up or Down - March 22, 6:35PM-6:40PM ET"
28009,1774219189.474231,wallet_9,0x37c94ea1b44e01b18a1ce3ab6f8002bd6b9d7e6d,0x3a44bad248636c22fabe4f1cc95a66167e126912dfaf82323229f641751e78f1,1774219147,2026-03-22 22:39:07,BUY,Down,0.259999975478501,27.474138,7.1432752062929525,"Bitcoin Up or Down - March 22, 6:35PM-6:40PM ET"
28010,1774219189.474231,wallet_9,0x37c94ea1b44e01b18a1ce3ab6f8002bd6b9d7e6d,0xc7b7e7b5c243565bae36273da492266001775c3f5bda47d8b0133f28c8843d10,1774219143,2026-03-22 22:39:03,SELL,Up,0.78,5.73,4.4694,"Bitcoin Up or Down - March 22, 6:35PM-6:40PM ET"
28011,1774219189.474231,wallet_9,0x37c94ea1b44e01b18a1ce3ab6f8002bd6b9d7e6d,0x59ea123fb8175fef17f2b67f91e5a9656aaa248cae9369f5eba9e711d02a115e,1774219139,2026-03-22 22:38:59,BUY,Down,0.2,36.067679999999996,7.2135359999999995,"Bitcoin Up or Down - March 22, 6:35PM-6:40PM ET"
28012,1774219189.474231,wallet_9,0x37c94ea1b44e01b18a1ce3ab6f8002bd6b9d7e6d,0xecfbf4f225129bfcb314357329afc611afdf608027a37c12ef54d113ef883d09,1774219135,2026-03-22 22:38:55,BUY,Down,0.11999997460957076,32.991102,3.958931402341759,"Bitcoin Up or Down - March 22, 6:35PM-6:40PM ET"
28013,1774219189.474231,wallet_9,0x37c94ea1b44e01b18a1ce3ab6f8002bd6b9d7e6d,0xd44f2d81b285ffeefacdb9987075b3bc53ecb9182dad92554b9a7e9dcfe60bb4,1774219135,2026-03-22 22:38:55,BUY,Down,0.15,25.49596,3.824394,"Bitcoin Up or Down - March 22, 6:35PM-6:40PM ET"
28014,1774219189.474231,wallet_9,0x37c94ea1b44e01b18a1ce3ab6f8002bd6b9d7e6d,0x6cb5ff1acdb8ee280a499ebf446047f68cd7eefbb217dc06c5c58f476a452505,1774219133,2026-03-22 22:38:53,BUY,Down,0.08999997997442388,43.371593,3.903442501458863,"Bitcoin Up or Down - March 22, 6:35PM-6:40PM ET"
28015,1774219189.474231,wallet_9,0x37c94ea1b44e01b18a1ce3ab6f8002bd6b9d7e6d,0x24bbd205816660ebf8f9ea4b8e65236aed7ab6cd56a8475f46da18f6948e09d0,1774219131,2026-03-22 22:38:51,SELL,Up,0.9229784984138174,28.37,26.1849,"Bitcoin Up or Down - March 22, 6:35PM-6:40PM ET"
28016,1774219189.474231,wallet_9,0x37c94ea1b44e01b18a1ce3ab6f8002bd6b9d7e6d,0xa39e971884236349ece68bef1426fae795e3965adfef8f7c294daa3ce9a7f503,1774219127,2026-03-22 22:38:47,SELL,Up,0.95,21.02,19.968999999999998,"Bitcoin Up or Down - March 22, 6:35PM-6:40PM ET"
28017,1774219189.474231,wallet_9,0x37c94ea1b44e01b18a1ce3ab6f8002bd6b9d7e6d,0x8d7c0630236e7619a469a8a3a664d37f62bb13a0ae47f9f38da3400cad77a783,1774219115,2026-03-22 22:38:35,,,0.5,1000.0,500.0,"Bitcoin Up or Down - March 22, 6:40PM-6:45PM ET"
28018,1774219189.474231,wallet_9,0x37c94ea1b44e01b18a1ce3ab6f8002bd6b9d7e6d,0x97ee6ec60952a27e01c9edc88928e19abc7ee5995529ef42950c6b45a0f8dc5c,1774219113,2026-03-22 22:38:33,SELL,Down,0.09,5.0,0.44999999999999996,"Bitcoin Up or Down - March 22, 6:35PM-6:40PM ET"
28019,1774219189.474231,wallet_9,0x37c94ea1b44e01b18a1ce3ab6f8002bd6b9d7e6d,0x37bcd7c32faec1288b85c8fa8bd25985bd35ba00288c50542dfd242bb8befdd8,1774219109,2026-03-22 22:38:29,SELL,Down,0.12,13.12,1.5743999999999998,"Bitcoin Up or Down - March 22, 6:35PM-6:40PM ET"
28020,1774219189.474231,wallet_9,0x37c94ea1b44e01b18a1ce3ab6f8002bd6b9d7e6d,0x2e891cb9526a50376f276f4ec45e17c20cd7b27745f9f79f627f5f29f70f1c3b,1774219109,2026-03-22 22:38:29,SELL,Down,0.13679369627507162,34.9,4.7741,"Bitcoin Up or Down - March 22, 6:35PM-6:40PM ET"
28021,1774219189.474231,wallet_9,0x37c94ea1b44e01b18a1ce3ab6f8002bd6b9d7e6d,0x8561a8b533278a4ba1817129af7e2d0f20b7a6be27defd57068e63294ac764f7,1774219103,2026-03-22 22:38:23,SELL,Down,0.23379573170731707,13.12,3.0673999999999997,"Bitcoin Up or Down - March 22, 6:35PM-6:40PM ET"
28022,1774219189.474231,wallet_9,0x37c94ea1b44e01b18a1ce3ab6f8002bd6b9d7e6d,0xbf0a42c4cf761481b889634f08daf2ecb4f13b82a517979da8c228daf3ac6dd7,1774219103,2026-03-22 22:38:23,SELL,Down,0.16,19.89,3.1824000000000003,"Bitcoin Up or Down - March 22, 6:35PM-6:40PM ET"
28023,1774219189.474231,wallet_9,0x37c94ea1b44e01b18a1ce3ab6f8002bd6b9d7e6d,0xc4486f3f02fd98b3dd3a0abcb432df1ba3cd0e43aca971b45281a16a750b6a3a,1774219097,2026-03-22 22:38:17,SELL,Down,0.31,41.37,12.8247,"Bitcoin Up or Down - March 22, 6:35PM-6:40PM ET"
28024,1774219189.474231,wallet_9,0x37c94ea1b44e01b18a1ce3ab6f8002bd6b9d7e6d,0x612db92d6a0248c831dcdb04f95817c7edeed368dca336b2d742876dc5562256,1774219095,2026-03-22 22:38:15,BUY,Down,0.36999987899367415,4.238926,1.5684021070631393,"Bitcoin Up or Down - March 22, 6:35PM-6:40PM ET"
28025,1774219189.474231,wallet_9,0x37c94ea1b44e01b18a1ce3ab6f8002bd6b9d7e6d,0x07b86e712b6a921262565602e03f7ac57938706eb4f83c02cd7a22a600eba1af,1774219093,2026-03-22 22:38:13,SELL,Down,0.3781737382287589,94.51,35.741200000000006,"Bitcoin Up or Down - March 22, 6:35PM-6:40PM ET"
28026,1774219189.474231,wallet_9,0x37c94ea1b44e01b18a1ce3ab6f8002bd6b9d7e6d,0x5700a1006d8e05c15cfcef220f6c57c6e3c71c55f49a4e9f7c3014e113b4c386,1774219079,2026-03-22 22:37:59,SELL,Down,0.44888441843452814,27.34,12.272499999999999,"Bitcoin Up or Down - March 22, 6:35PM-6:40PM ET"
28027,1774219189.474231,wallet_9,0x37c94ea1b44e01b18a1ce3ab6f8002bd6b9d7e6d,0xba4d522d6b21483840431e08080ffac62b4b434f17e0b5c582139aa43ac5dac6,1774219077,2026-03-22 22:37:57,BUY,Up,0.4950884086444008,10.02097,4.9612660903732815,"Bitcoin Up or Down - March 22, 6:35PM-6:40PM ET"
28028,1774219189.474231,wallet_9,0x37c94ea1b44e01b18a1ce3ab6f8002bd6b9d7e6d,0xd91d43ff6df6f8af1996cf858048889814c1ca4f615692ff40ca07e5fe9d9112,1774219073,2026-03-22 22:37:53,BUY,Up,0.4,41.321279999999994,16.528512,"Bitcoin Up or Down - March 22, 6:35PM-6:40PM ET"
28029,1774219189.474231,wallet_9,0x37c94ea1b44e01b18a1ce3ab6f8002bd6b9d7e6d,0xcfd328bb8ed8e2d78d052c607a7139903cb673b8eb114541891c0d554eb208d3,1774219069,2026-03-22 22:37:49,BUY,Up,0.3699999786171301,25.833438,9.558371507606957,"Bitcoin Up or Down - March 22, 6:35PM-6:40PM ET"
28030,1774219189.474231,wallet_9,0x37c94ea1b44e01b18a1ce3ab6f8002bd6b9d7e6d,0x77e6a4edb92be1027d508016d6bfd372f399e28bd1f08ca62c028848849127e8,1774219061,2026-03-22 22:37:41,SELL,Up,0.32522693997071744,34.15,11.1065,"Bitcoin Up or Down - March 22, 6:35PM-6:40PM ET"
28031,1774219189.474231,wallet_9,0x37c94ea1b44e01b18a1ce3ab6f8002bd6b9d7e6d,0x92a69a550f4bfeec8ed4dfe38c8aaa85f75b4077002e6e1cedb8ed785a9ddfbe,1774219053,2026-03-22 22:37:33,SELL,Up,0.42,18.91,7.9422,"Bitcoin Up or Down - March 22, 6:35PM-6:40PM ET"
28032,1774219189.474231,wallet_9,0x37c94ea1b44e01b18a1ce3ab6f8002bd6b9d7e6d,0x8cdde3f279d726e5a1328fb8c0f6df66d27e5724d45f63b87fbd0533124efb4c,1774219037,2026-03-22 22:37:17,BUY,Up,0.479999970662136,12.079722,5.798266205606759,"Bitcoin Up or Down - March 22, 6:35PM-6:40PM ET"
28033,1774219189.474231,wallet_9,0x37c94ea1b44e01b18a1ce3ab6f8002bd6b9d7e6d,0xe7c64426631fc55da3df50977611a33e8a38685a5399801340a15ace5e4c3d3f,1774219035,2026-03-22 22:37:15,BUY,Up,0.4638881373030836,16.108711,7.472639940143693,"Bitcoin Up or Down - March 22, 6:35PM-6:40PM ET"
28034,1774219189.474231,wallet_9,0x37c94ea1b44e01b18a1ce3ab6f8002bd6b9d7e6d,0x0ab44112accb1cf3e6ca330ec8bb81dfa4964b529dad873e47a9d49aa524a8ca,1774219033,2026-03-22 22:37:13,SELL,Up,0.3933557046979866,14.9,5.861000000000001,"Bitcoin Up or Down - March 22, 6:35PM-6:40PM ET"
28035,1774219189.474231,wallet_9,0x37c94ea1b44e01b18a1ce3ab6f8002bd6b9d7e6d,0x2714d7aad85e9c2291e0cdeb09f89ccc4b0668f8c67378fca987b811868175bc,1774219033,2026-03-22 22:37:13,BUY,Up,0.4,35.92512,14.370048,"Bitcoin Up or Down - March 22, 6:35PM-6:40PM ET"
28036,1774219189.474231,wallet_9,0x37c94ea1b44e01b18a1ce3ab6f8002bd6b9d7e6d,0x33712ccac8564293b6eb3f07ab4a06093d650ab2f3314b0ebd6e3ac083fbb030,1774219025,2026-03-22 22:37:05,SELL,Up,0.38,26.75,10.165000000000001,"Bitcoin Up or Down - March 22, 6:35PM-6:40PM ET"
28037,1774219189.474231,wallet_9,0x37c94ea1b44e01b18a1ce3ab6f8002bd6b9d7e6d,0x74da9839eed6d414c222073f75c8a0bacaa814c5bd506bfa16ff45f4a99c3427,1774219023,2026-03-22 22:37:03,BUY,Up,0.38467575492399414,44.445542,17.09712242185609,"Bitcoin Up or Down - March 22, 6:35PM-6:40PM ET"
28038,1774219189.474231,wallet_9,0x37c94ea1b44e01b18a1ce3ab6f8002bd6b9d7e6d,0x68fb02b3a4f29f030a6db6c633f5150715e0a7dc1a6810608ef36efd6ac4c71b,1774219021,2026-03-22 22:37:01,SELL,Up,0.34,11.46,3.8964000000000008,"Bitcoin Up or Down - March 22, 6:35PM-6:40PM ET"
28039,1774219189.474231,wallet_9,0x37c94ea1b44e01b18a1ce3ab6f8002bd6b9d7e6d,0x552c901bd5cee85c8ea45350cabfb2e27b14de12bb614749f18d7fd08da6f2c8,1774219019,2026-03-22 22:36:59,BUY,Up,0.2999999288537437,8.340362,2.502108006614468,"Bitcoin Up or Down - March 22, 6:35PM-6:40PM ET"
28040,1774219189.474231,wallet_9,0x37c94ea1b44e01b18a1ce3ab6f8002bd6b9d7e6d,0xb9709f1c07bdc039e44c322447e8684d8acee0fd9da4b78f9139737c5b00eec4,1774219009,2026-03-22 22:36:49,BUY,Up,0.25,26.40586,6.601465,"Bitcoin Up or Down - March 22, 6:35PM-6:40PM ET"
28041,1774219189.474231,wallet_9,0x37c94ea1b44e01b18a1ce3ab6f8002bd6b9d7e6d,0x23ab145cd03850f094abf227bea7609916cd2ab702e8058d99a73e5f2ccba5f9,1774219001,2026-03-22 22:36:41,BUY,Up,0.22999996995495212,19.152986,4.4051862045476184,"Bitcoin Up or Down - March 22, 6:35PM-6:40PM ET"
28042,1774219189.474231,wallet_9,0x37c94ea1b44e01b18a1ce3ab6f8002bd6b9d7e6d,0x633e3077a6d136678ed5390680a2a307590adee2a07823e2eb65eb7881e43484,1774219001,2026-03-22 22:36:41,SELL,Up,0.21136276914690652,36.69,7.7549,"Bitcoin Up or Down - March 22, 6:35PM-6:40PM ET"
28043,1774219189.474231,wallet_9,0x37c94ea1b44e01b18a1ce3ab6f8002bd6b9d7e6d,0x0c88ae0181de00940bcef9cae8e079761055bf5615413daa2f71701dbbab0444,1774218999,2026-03-22 22:36:39,SELL,Up,0.26,22.93,5.9618,"Bitcoin Up or Down - March 22, 6:35PM-6:40PM ET"
28044,1774219189.474231,wallet_9,0x37c94ea1b44e01b18a1ce3ab6f8002bd6b9d7e6d,0x33abda44465cb032c295fd232671c4b2f2a8e9a5c369b6e2d99ac029a2c2237a,1774218997,2026-03-22 22:36:37,SELL,Up,0.27289703315881325,11.46,3.1274,"Bitcoin Up or Down - March 22, 6:35PM-6:40PM ET"
28045,1774219189.474231,wallet_9,0x37c94ea1b44e01b18a1ce3ab6f8002bd6b9d7e6d,0x0ccf3f64d2915cac9ea6c286b3f484bc3e36ceb34fe1c6e8c2a134969987c441,1774218995,2026-03-22 22:36:35,SELL,Up,0.29,7.33,2.1256999999999997,"Bitcoin Up or Down - March 22, 6:35PM-6:40PM ET"
28046,1774219189.474231,wallet_9,0x37c94ea1b44e01b18a1ce3ab6f8002bd6b9d7e6d,0x0f3e3d302b3dc9c140ae655fee3a741b982d681812777dc1f5eb056976c7c81c,1774218991,2026-03-22 22:36:31,SELL,Up,0.32,22.93,7.3376,"Bitcoin Up or Down - March 22, 6:35PM-6:40PM ET"
28047,1774219189.474231,wallet_9,0x37c94ea1b44e01b18a1ce3ab6f8002bd6b9d7e6d,0x02f19da7d785fe35e3f747de02222fd4168a1e93ed4bf545820aa33f4d7e066a,1774218991,2026-03-22 22:36:31,BUY,Up,0.3399999805714273,23.378419,7.948662005790687,"Bitcoin Up or Down - March 22, 6:35PM-6:40PM ET"
28048,1774219189.474231,wallet_9,0x37c94ea1b44e01b18a1ce3ab6f8002bd6b9d7e6d,0x1feb1211e5524735801c2afafad69529863275987585a1231ae1d2e01f2958b6,1774218989,2026-03-22 22:36:29,SELL,Up,0.31,9.55,2.9605,"Bitcoin Up or Down - March 22, 6:35PM-6:40PM ET"
28049,1774219189.474231,wallet_9,0x37c94ea1b44e01b18a1ce3ab6f8002bd6b9d7e6d,0x366d17fc7afb06863a9cb302957217cac386414bf7037f4602d2708b52903cf8,1774218987,2026-03-22 22:36:27,SELL,Up,0.34,11.46,3.8964000000000008,"Bitcoin Up or Down - March 22, 6:35PM-6:40PM ET"
28050,1774219189.474231,wallet_9,0x37c94ea1b44e01b18a1ce3ab6f8002bd6b9d7e6d,0x1ba23f8423802cb07fa171048acfe9fd85e747262801dd527fd283a1d6cf59a9,1774218983,2026-03-22 22:36:23,SELL,Up,0.38,22.35,8.493,"Bitcoin Up or Down - March 22, 6:35PM-6:40PM ET"
28051,1774219189.474231,wallet_9,0x37c94ea1b44e01b18a1ce3ab6f8002bd6b9d7e6d,0x23c1c323dadc0695c6e380a2a333ecf4dd92bfcb549ccd79d71b3928b3e31b72,1774218979,2026-03-22 22:36:19,SELL,Up,0.435607476635514,26.75,11.6525,"Bitcoin Up or Down - March 22, 6:35PM-6:40PM ET"
28052,1774219189.474231,wallet_9,0x37c94ea1b44e01b18a1ce3ab6f8002bd6b9d7e6d,0x73235615f55ee861fc337b958542382f5555ffa8ca477dfcf0a8e6ee69515293,1774218969,2026-03-22 22:36:09,SELL,Up,0.45,25.79,11.6055,"Bitcoin Up or Down - March 22, 6:35PM-6:40PM ET"
28053,1774219189.474231,wallet_9,0x37c94ea1b44e01b18a1ce3ab6f8002bd6b9d7e6d,0x60c360bf21c93db5a865e110a7d94e966677fff40482a8fe508eb83991a0a95a,1774218959,2026-03-22 22:35:59,BUY,Down,0.48999999695308066,35.538399,17.413815401717365,"Bitcoin Up or Down - March 22, 6:35PM-6:40PM ET"
28054,1774219189.474231,wallet_9,0x37c94ea1b44e01b18a1ce3ab6f8002bd6b9d7e6d,0xeea3cf79cb252d7350543f491f8a6fb45c2c89c4e521a567d80927fd12df123e,1774218957,2026-03-22 22:35:57,BUY,Down,0.42999999027380914,38.483006,16.54769220570694,"Bitcoin Up or Down - March 22, 6:35PM-6:40PM ET"
28055,1774219189.474231,wallet_9,0x37c94ea1b44e01b18a1ce3ab6f8002bd6b9d7e6d,0x45e58ae12e59c2125a3c2b4fce5211e4b00be5beccdd48ecb3a15b072d2595cb,1774218957,2026-03-22 22:35:57,BUY,Down,0.48,16.05844,7.7080512,"Bitcoin Up or Down - March 22, 6:35PM-6:40PM ET"
28056,1774219189.474231,wallet_9,0x37c94ea1b44e01b18a1ce3ab6f8002bd6b9d7e6d,0xf81f00012d56e2bf2bc4ebb4fa87e75dfc918c8011bb2d570e11e370540b60b7,1774218945,2026-03-22 22:35:45,SELL,Down,0.41,5.0,2.05,"Bitcoin Up or Down - March 22, 6:35PM-6:40PM ET"
28057,1774219189.474231,wallet_9,0x37c94ea1b44e01b18a1ce3ab6f8002bd6b9d7e6d,0x52e6a35eb47a9269d57e3605ea3f0069e0d2de0cfb6c06dd585d456c8a444ed8,1774218943,2026-03-22 22:35:43,SELL,Down,0.43,31.82,13.6826,"Bitcoin Up or Down - March 22, 6:35PM-6:40PM ET"
28058,1774219189.474231,wallet_9,0x37c94ea1b44e01b18a1ce3ab6f8002bd6b9d7e6d,0x22d327b9172d2623515c000d317f05ccb53494a37ddf09dc449f3640545a8142,1774218937,2026-03-22 22:35:37,BUY,Down,0.48,12.18226,5.847484799999999,"Bitcoin Up or Down - March 22, 6:35PM-6:40PM ET"
28059,1774219189.474231,wallet_9,0x37c94ea1b44e01b18a1ce3ab6f8002bd6b9d7e6d,0x5db3875af156fd5d41b579f857173ab1360ddd9c75a614c2d35fc2cbb1a383e9,1774218933,2026-03-22 22:35:33,SELL,Down,0.45,19.89,8.9505,"Bitcoin Up or Down - March 22, 6:35PM-6:40PM ET"
28060,1774219189.474231,wallet_9,0x37c94ea1b44e01b18a1ce3ab6f8002bd6b9d7e6d,0x8270cd1e64c398331342e647783a0a7fae71255a89a1273bb323bf34fb19ff7c,1774218927,2026-03-22 22:35:27,BUY,Down,0.5,22.32563,11.162815,"Bitcoin Up or Down - March 22, 6:35PM-6:40PM ET"
28061,1774219189.474231,wallet_9,0x37c94ea1b44e01b18a1ce3ab6f8002bd6b9d7e6d,0xa19aa4f189afbbcf7dd94a2760285094780ba6f873ff4b299a90850c75214981,1774218923,2026-03-22 22:35:23,BUY,Down,0.3399999885359355,32.729777,11.128123804783725,"Bitcoin Up or Down - March 22, 6:35PM-6:40PM ET"
28062,1774219189.474231,wallet_9,0x37c94ea1b44e01b18a1ce3ab6f8002bd6b9d7e6d,0xd8a64ddec03986c33c9c4f3af2c67b707b6dfcf2824d4143a2f3c66179d8df02,1774218921,2026-03-22 22:35:21,SELL,Down,0.3,12.92,3.876,"Bitcoin Up or Down - March 22, 6:35PM-6:40PM ET"
28063,1774219189.474231,wallet_9,0x37c94ea1b44e01b18a1ce3ab6f8002bd6b9d7e6d,0x171f73785643e2c14ec43692daecdb9efe6b53b47747a6642eac9cb0351fb0ae,1774218917,2026-03-22 22:35:17,SELL,Down,0.36,6.46,2.3256,"Bitcoin Up or Down - March 22, 6:35PM-6:40PM ET"
28064,1774219189.474231,wallet_9,0x37c94ea1b44e01b18a1ce3ab6f8002bd6b9d7e6d,0x65f147aaf9292b1cb42d8c2304fdd781cbbaf8714bf2ea10f321d8a0cb28804c,1774218915,2026-03-22 22:35:15,SELL,Down,0.38295665634674925,12.92,4.9478,"Bitcoin Up or Down - March 22, 6:35PM-6:40PM ET"
28065,1774219189.474231,wallet_9,0x37c94ea1b44e01b18a1ce3ab6f8002bd6b9d7e6d,0x452fdd47447f909231e2c08528a565f05499bbbdd4790c99f114918d6815ea02,1774218913,2026-03-22 22:35:13,BUY,Down,0.38999997516509005,10.717973,4.180009203820106,"Bitcoin Up or Down - March 22, 6:35PM-6:40PM ET"
28066,1774219189.474231,wallet_9,0x37c94ea1b44e01b18a1ce3ab6f8002bd6b9d7e6d,0x429f51dae22655fe9cb6f2005fcd148cecd4affffcceaab3f95eb16d1fb9e512,1774218911,2026-03-22 22:35:11,,,0.0,883.629888,0.0,"Bitcoin Up or Down - March 22, 6:25PM-6:30PM ET"
28067,1774219189.474231,wallet_9,0x37c94ea1b44e01b18a1ce3ab6f8002bd6b9d7e6d,0x1ad220c27dbb081acb998a2bf4fe1788adb49944f60744306b13a03fa1c3faa5,1774218911,2026-03-22 22:35:11,SELL,Down,0.36,25.85,9.306000000000001,"Bitcoin Up or Down - March 22, 6:35PM-6:40PM ET"
28068,1774219189.474231,wallet_9,0x37c94ea1b44e01b18a1ce3ab6f8002bd6b9d7e6d,0x07cf29b756fde2ece1226a2efe6d323a26813e253cebf9343b043f8600c9b958,1774218889,2026-03-22 22:34:49,SELL,Down,0.65,5.0,3.25,"Bitcoin Up or Down - March 22, 6:30PM-6:35PM ET"
28069,1774219189.474231,wallet_9,0x37c94ea1b44e01b18a1ce3ab6f8002bd6b9d7e6d,0xf5ac7744afeb2184c5b2c53cfdba80bbc9237dd012b19c06d4986d417843233e,1774218889,2026-03-22 22:34:49,SELL,Up,0.22,13.75,3.025,"Bitcoin Up or Down - March 22, 6:30PM-6:35PM ET"
28070,1774219189.474231,wallet_9,0x37c94ea1b44e01b18a1ce3ab6f8002bd6b9d7e6d,0x15c5eb62126864cf0266ca7f1531030c170a41ffc124208131c13788146d7163,1774218887,2026-03-22 22:34:47,BUY,Down,0.49480192768162945,12.99104,6.427991634589155,"Bitcoin Up or Down - March 22, 6:30PM-6:35PM ET"
28071,1774219189.474231,wallet_9,0x37c94ea1b44e01b18a1ce3ab6f8002bd6b9d7e6d,0x5bb83ceff03c6537e075538da32548aa33eaa0863f84bf646085a85c927e2dd2,1774218885,2026-03-22 22:34:45,SELL,Down,0.3399,5.0,1.6995,"Bitcoin Up or Down - March 22, 6:30PM-6:35PM ET"
28072,1774219189.474231,wallet_9,0x37c94ea1b44e01b18a1ce3ab6f8002bd6b9d7e6d,0xf27ec948b74fd795f289f82ce61f01f875af170efc132c97b08e87a630aba263,1774218877,2026-03-22 22:34:37,BUY,Down,0.479999952709341,4.163305,1.998386203114563,"Bitcoin Up or Down - March 22, 6:30PM-6:35PM ET"
28073,1774219189.474231,wallet_9,0x37c94ea1b44e01b18a1ce3ab6f8002bd6b9d7e6d,0x2edccad548376a6794c0afdbcca47314a4a108755a49bea76515c96e550169cc,1774218877,2026-03-22 22:34:37,BUY,Down,0.4,19.810560000000002,7.9242240000000015,"Bitcoin Up or Down - March 22, 6:30PM-6:35PM ET"
28074,1774219189.474231,wallet_9,0x37c94ea1b44e01b18a1ce3ab6f8002bd6b9d7e6d,0x1547ae9f1a3aacff36a39e2a26cce0087fe7fe2fe979d332e31346b118c0587b,1774218869,2026-03-22 22:34:29,SELL,Down,0.3,17.9,5.369999999999999,"Bitcoin Up or Down - March 22, 6:30PM-6:35PM ET"
28075,1774219189.474231,wallet_9,0x37c94ea1b44e01b18a1ce3ab6f8002bd6b9d7e6d,0xdca08655ebb07cef7595d58fe4b6c4a33cee66bac57363322e5e8315c1f301e5,1774218865,2026-03-22 22:34:25,BUY,Down,0.44212372495134855,26.194347,11.581142268308183,"Bitcoin Up or Down - March 22, 6:30PM-6:35PM ET"
28076,1774219189.474231,wallet_9,0x37c94ea1b44e01b18a1ce3ab6f8002bd6b9d7e6d,0xb2a6a8aa58aed4155243c89ed5078fbc2acd738eb6fad4be5b3917c3e2ee49aa,1774218863,2026-03-22 22:34:23,BUY,Down,0.36,15.54099,5.5947564,"Bitcoin Up or Down - March 22, 6:30PM-6:35PM ET"
28077,1774219189.474231,wallet_9,0x37c94ea1b44e01b18a1ce3ab6f8002bd6b9d7e6d,0x0552b2eb741ba440ce02f18178af3c05897709ea7a22a27b56fc79d4ed0e43d3,1774218861,2026-03-22 22:34:21,SELL,Down,0.3,16.8,5.04,"Bitcoin Up or Down - March 22, 6:30PM-6:35PM ET"
28078,1774219189.474231,wallet_9,0x37c94ea1b44e01b18a1ce3ab6f8002bd6b9d7e6d,0xec395c734781a76790f31797c285b3dfbcab15beec8e25df72627081fb1040db,1774218857,2026-03-22 22:34:17,SELL,Down,0.33,35.8,11.814,"Bitcoin Up or Down - March 22, 6:30PM-6:35PM ET"
28079,1774219189.474231,wallet_9,0x37c94ea1b44e01b18a1ce3ab6f8002bd6b9d7e6d,0x24ab00d0ff61522146a898a0ba95b8f4427e930248dfaae7d0b9bb9deff3c6e1,1774218855,2026-03-22 22:34:15,BUY,Up,0.5859044294147249,25.645104,15.025580026401279,"Bitcoin Up or Down - March 22, 6:30PM-6:35PM ET"
28080,1774219189.474231,wallet_9,0x37c94ea1b44e01b18a1ce3ab6f8002bd6b9d7e6d,0x558d54518ab64205b4fce281dd993800a143fb6c1e016da412d084ab7f522503,1774218853,2026-03-22 22:34:13,BUY,Down,0.45,4.7265,2.126925,"Bitcoin Up or Down - March 22, 6:30PM-6:35PM ET"
28081,1774219189.474231,wallet_9,0x37c94ea1b44e01b18a1ce3ab6f8002bd6b9d7e6d,0x00faac0af784a36c5ae7cd0ff715588da0057032b204ebe28aaeceffd655a89f,1774218853,2026-03-22 22:34:13,BUY,Down,0.5099999986094068,28.315624,14.440968200624486,"Bitcoin Up or Down - March 22, 6:30PM-6:35PM ET"
28082,1774219189.474231,wallet_9,0x37c94ea1b44e01b18a1ce3ab6f8002bd6b9d7e6d,0x63b4a943cc6c4394e88caf137d933b2eeb2e0c1d705cbe9acf3424ce5b3be156,1774218849,2026-03-22 22:34:09,SELL,Down,0.42,15.51,6.5142,"Bitcoin Up or Down - March 22, 6:30PM-6:35PM ET"
28083,1774219189.474231,wallet_9,0x37c94ea1b44e01b18a1ce3ab6f8002bd6b9d7e6d,0x8907b767389647f05ff1eb9d70127f3890c7d86f91dd6eadcfede4100991a28e,1774218845,2026-03-22 22:34:05,BUY,Up,0.46999997970310203,15.521386,7.295051104964012,"Bitcoin Up or Down - March 22, 6:30PM-6:35PM ET"
28084,1774219189.474231,wallet_9,0x37c94ea1b44e01b18a1ce3ab6f8002bd6b9d7e6d,0xafa347b133abb921cf24068d02b419912d05c0103c63d8339b3f7b79611f0fa1,1774218843,2026-03-22 22:34:03,BUY,Up,0.24875485742433365,36.222970000000004,9.010639737835916,"Bitcoin Up or Down - March 22, 6:30PM-6:35PM ET"
28085,1774219189.474231,wallet_9,0x37c94ea1b44e01b18a1ce3ab6f8002bd6b9d7e6d,0xe256cc8ae718511d61707b315c952b68c1bd94b44814c34e450243b4efdc05c8,1774218837,2026-03-22 22:33:57,SELL,Up,0.21,6.35,1.3335,"Bitcoin Up or Down - March 22, 6:30PM-6:35PM ET"
28086,1774219189.474231,wallet_9,0x37c94ea1b44e01b18a1ce3ab6f8002bd6b9d7e6d,0x8efc7d2210c3f8879a3a4b6205ffdad5ffa740fc06d70e683acb988519fae843,1774218835,2026-03-22 22:33:55,BUY,Up,0.28999998283673395,33.434942,9.696132606147195,"Bitcoin Up or Down - March 22, 6:30PM-6:35PM ET"
28087,1774219189.474231,wallet_9,0x37c94ea1b44e01b18a1ce3ab6f8002bd6b9d7e6d,0x1ecae9d9aca494d0f63fe9148d900478bb7717b83772698c3f674395333b6085,1774218833,2026-03-22 22:33:53,BUY,Up,0.28999995166666304,14.124561,4.096122007312833,"Bitcoin Up or Down - March 22, 6:30PM-6:35PM ET"
28088,1774219189.474231,wallet_9,0x37c94ea1b44e01b18a1ce3ab6f8002bd6b9d7e6d,0xa761c028fbb85a860c07a32111d0267b447a4ed1555fad036afd288b389e79e0,1774218831,2026-03-22 22:33:51,SELL,Up,0.28,5.55,1.554,"Bitcoin Up or Down - March 22, 6:30PM-6:35PM ET"
28089,1774219189.474231,wallet_9,0x37c94ea1b44e01b18a1ce3ab6f8002bd6b9d7e6d,0x07ab69a6a655265824cd024b617cc864e855cd2215a62ef624a97dc7eddc28bc,1774218831,2026-03-22 22:33:51,SELL,Up,0.358743961352657,12.42,4.4556000000000004,"Bitcoin Up or Down - March 22, 6:30PM-6:35PM ET"
28090,1774219189.474231,wallet_9,0x37c94ea1b44e01b18a1ce3ab6f8002bd6b9d7e6d,0x46286f11838f930b63784da44c7ad1ec1f1ee188f6b7d6cedd0d30c0b72fc7d6,1774218825,2026-03-22 22:33:45,BUY,Up,0.4299999773176193,20.409739000000002,8.77618730705853,"Bitcoin Up or Down - March 22, 6:30PM-6:35PM ET"
28091,1774219189.474231,wallet_9,0x37c94ea1b44e01b18a1ce3ab6f8002bd6b9d7e6d,0x7810be3d429019cc321048efb3e27be3f931743e89d24a11d6471b59d8aa8d5b,1774218823,2026-03-22 22:33:43,BUY,Up,0.3699999179802733,5.411965,2.00242660611211,"Bitcoin Up or Down - March 22, 6:30PM-6:35PM ET"
28092,1774219189.474231,wallet_9,0x37c94ea1b44e01b18a1ce3ab6f8002bd6b9d7e6d,0xef460944d59143903247fa3ceecbfa39bb268766cd7aa3fb8c8ae3bca500952d,1774218821,2026-03-22 22:33:41,SELL,Up,0.41,63.06,25.854599999999998,"Bitcoin Up or Down - March 22, 6:30PM-6:35PM ET"
28093,1774219189.474231,wallet_9,0x37c94ea1b44e01b18a1ce3ab6f8002bd6b9d7e6d,0x0873a3c36e060176cabb6e210fa5c9220825c55ce418cdae08d97a00c63f43bb,1774218815,2026-03-22 22:33:35,,,0.5,1000.0,500.0,"Bitcoin Up or Down - March 22, 6:35PM-6:40PM ET"
28094,1774219189.474231,wallet_9,0x37c94ea1b44e01b18a1ce3ab6f8002bd6b9d7e6d,0x5da62c6cedba0a7ae2bcc8e14de6488b0f30abe9e44d81dacdb6c7afcccc5937,1774218815,2026-03-22 22:33:35,BUY,Down,0.4399999880677949,13.205569,5.810450202428442,"Bitcoin Up or Down - March 22, 6:30PM-6:35PM ET"
28095,1774219189.474231,wallet_9,0x37c94ea1b44e01b18a1ce3ab6f8002bd6b9d7e6d,0x574c1126e9c9282b6c855236b93bdf26a2cecf70be2f46e972936e8f0d9adbd7,1774218813,2026-03-22 22:33:33,BUY,Down,0.4299999932479334,27.716923,11.918276702853491,"Bitcoin Up or Down - March 22, 6:30PM-6:35PM ET"
28096,1774219189.474231,wallet_9,0x37c94ea1b44e01b18a1ce3ab6f8002bd6b9d7e6d,0x78072af4b31dbbacea2ed58d4eefe50fb295d905b9e3aee8674d3d4a75b4493a,1774218795,2026-03-22 22:33:15,BUY,Down,0.4,11.75328,4.701312000000001,"Bitcoin Up or Down - March 22, 6:30PM-6:35PM ET"
28097,1774219189.474231,wallet_9,0x37c94ea1b44e01b18a1ce3ab6f8002bd6b9d7e6d,0x6b0b9ea9c1cd5020be2f21f6bb1bd31d526217e383271d33222fa08f9edd7ffd,1774218777,2026-03-22 22:32:57,BUY,Down,0.37380064339934777,43.958719,16.431797445211135,"Bitcoin Up or Down - March 22, 6:30PM-6:35PM ET"
28098,1774219189.474231,wallet_9,0x37c94ea1b44e01b18a1ce3ab6f8002bd6b9d7e6d,0x9cfc019e6dfe5ba8216c52884b860a7fed709318edd0460848c049b7151e246f,1774218773,2026-03-22 22:32:53,BUY,Down,0.32716979571472515,23.099091,7.557324883665847,"Bitcoin Up or Down - March 22, 6:30PM-6:35PM ET"
28099,1774219189.474231,wallet_9,0x37c94ea1b44e01b18a1ce3ab6f8002bd6b9d7e6d,0x3a71ae36367dd25d24bfd5ca30ba9051a95713a7e85af6a8d0905220a2664401,1774218773,2026-03-22 22:32:53,BUY,Down,0.2799999781463405,28.988153,8.116682206502775,"Bitcoin Up or Down - March 22, 6:30PM-6:35PM ET"
28100,1774219189.474231,wallet_9,0x37c94ea1b44e01b18a1ce3ab6f8002bd6b9d7e6d,0xf864f48e0d58808615b4dd9aed138b9c7799b86d6e4215d3f3cbe85ac9d668f5,1774218771,2026-03-22 22:32:51,SELL,Down,0.24,38.18,9.1632,"Bitcoin Up or Down - March 22, 6:30PM-6:35PM ET"
28101,1774219189.474231,wallet_9,0x37c94ea1b44e01b18a1ce3ab6f8002bd6b9d7e6d,0x85f086cee74fcb745ca8bf2829bb8aa5f726a639b25a530864b7414a9df0087d,1774218769,2026-03-22 22:32:49,BUY,Down,0.28206602436789174,57.546342,16.231867904855033,"Bitcoin Up or Down - March 22, 6:30PM-6:35PM ET"
28102,1774219189.474231,wallet_9,0x37c94ea1b44e01b18a1ce3ab6f8002bd6b9d7e6d,0xfb085a5f5a9fc67cf9f2a07359511ab2bd40bdb3bce984b48aea5b243c4fbf38,1774218769,2026-03-22 22:32:49,SELL,Down,0.24,26.85,6.444,"Bitcoin Up or Down - March 22, 6:30PM-6:35PM ET"
28103,1774219189.474231,wallet_9,0x37c94ea1b44e01b18a1ce3ab6f8002bd6b9d7e6d,0x7677424f3fa1d62b638ef46a5c35fc7d4f4fd8b3d13a93f521f579a6be7b34a1,1774218761,2026-03-22 22:32:41,BUY,Down,0.2999999862804874,43.251182,12.975354006614864,"Bitcoin Up or Down - March 22, 6:30PM-6:35PM ET"
28104,1774219189.474231,wallet_9,0x37c94ea1b44e01b18a1ce3ab6f8002bd6b9d7e6d,0x193d309b1b62d08bd6ee7019ac0724b3a435075289dbe43aedb323a5c8302a3f,1774218757,2026-03-22 22:32:37,SELL,Down,0.24,6.2,1.488,"Bitcoin Up or Down - March 22, 6:30PM-6:35PM ET"
28105,1774219189.474231,wallet_9,0x37c94ea1b44e01b18a1ce3ab6f8002bd6b9d7e6d,0x9bb4ad9700236ce3c0b3923e7b619e0c1257d7985bb910f76c09e09484829172,1774218755,2026-03-22 22:32:35,BUY,Down,0.27999992715446087,8.696453,2.4350062065021927,"Bitcoin Up or Down - March 22, 6:30PM-6:35PM ET"
28106,1774219189.474231,wallet_9,0x37c94ea1b44e01b18a1ce3ab6f8002bd6b9d7e6d,0xc07f0eb5c8d168e63a456ba5dbb5f9029fb9f9f5434df35e352119e854583b4f,1774218753,2026-03-22 22:32:33,BUY,Down,0.2599999735772331,18.747955,4.874467804627155,"Bitcoin Up or Down - March 22, 6:30PM-6:35PM ET"
28107,1774219189.474231,wallet_9,0x37c94ea1b44e01b18a1ce3ab6f8002bd6b9d7e6d,0x1db5526fc373f0461ce0804d8921ed5565f72c383cd1fe4a52d3e0f585091ed9,1774218753,2026-03-22 22:32:33,BUY,Down,0.25,15.34395,3.8359875,"Bitcoin Up or Down - March 22, 6:30PM-6:35PM ET"
28108,1774219189.474231,wallet_9,0x37c94ea1b44e01b18a1ce3ab6f8002bd6b9d7e6d,0xe6bc3917db346881a67ffd87bc11d612d7031f787de280f49e3fffc880294d62,1774218745,2026-03-22 22:32:25,SELL,Down,0.17916905444126074,34.9,6.253,"Bitcoin Up or Down - March 22, 6:30PM-6:35PM ET"
28109,1774219189.474231,wallet_9,0x37c94ea1b44e01b18a1ce3ab6f8002bd6b9d7e6d,0x20969fc3e19f42b33f8fe32bbb75a0a21afc1211364798adf20441893421da6e,1774218743,2026-03-22 22:32:23,SELL,Down,0.21695943680858196,29.83,6.4719,"Bitcoin Up or Down - March 22, 6:30PM-6:35PM ET"
28110,1774219189.474231,wallet_9,0x37c94ea1b44e01b18a1ce3ab6f8002bd6b9d7e6d,0x818346e8f4b952f36759ae2f156171ab8433f3835c0eea2c53a4eefc702ae285,1774218741,2026-03-22 22:32:21,BUY,Down,0.25,16.57305,4.1432625,"Bitcoin Up or Down - March 22, 6:30PM-6:35PM ET"
28111,1774219189.474231,wallet_9,0x37c94ea1b44e01b18a1ce3ab6f8002bd6b9d7e6d,0x8f2a1ccf3387982936c41c9e14508f6fc59c9e8ddbf4d29880e9661d0b7e9cd1,1774218735,2026-03-22 22:32:15,SELL,Down,0.2031430068098481,38.18,7.756,"Bitcoin Up or Down - March 22, 6:30PM-6:35PM ET"
28112,1774219189.474231,wallet_9,0x37c94ea1b44e01b18a1ce3ab6f8002bd6b9d7e6d,0x67a87428ee26918ef01e929fb624a0f8661f6a9b026d587de95b9cef07f5040f,1774218731,2026-03-22 22:32:11,BUY,Down,0.23999994440153583,10.701915,2.568459004989962,"Bitcoin Up or Down - March 22, 6:30PM-6:35PM ET"
28113,1774219189.474231,wallet_9,0x37c94ea1b44e01b18a1ce3ab6f8002bd6b9d7e6d,0x94b7f6df992caf622cd427b9d7e5a377b3795fe1d6c3b7214d9027cbabc44930,1774218727,2026-03-22 22:32:07,SELL,Down,0.24558659217877096,53.7,13.188,"Bitcoin Up or Down - March 22, 6:30PM-6:35PM ET"
28114,1774219189.474231,wallet_9,0x37c94ea1b44e01b18a1ce3ab6f8002bd6b9d7e6d,0x30f3be52a2b8e36ffc1257e45a88bd45f282695f5efd62137404ddc5e5b2f108,1774218725,2026-03-22 22:32:05,BUY,Down,0.3,24.32879,7.298637,"Bitcoin Up or Down - March 22, 6:30PM-6:35PM ET"
28115,1774219189.474231,wallet_9,0x37c94ea1b44e01b18a1ce3ab6f8002bd6b9d7e6d,0x29346129603cc408238f7635953eb25c1a07fc7a6ee29de009fce1f327bd98ce,1774218719,2026-03-22 22:31:59,BUY,Down,0.26999998267008873,28.57164,7.714342304856014,"Bitcoin Up or Down - March 22, 6:30PM-6:35PM ET"
28116,1774219189.474231,wallet_9,0x37c94ea1b44e01b18a1ce3ab6f8002bd6b9d7e6d,0x9209d67eae4daeb921347a597cf15773af0dbc2d5d18ede5d363fa7494cca330,1774218713,2026-03-22 22:31:53,SELL,Down,0.23172711571675303,28.95,6.7085,"Bitcoin Up or Down - March 22, 6:30PM-6:35PM ET"
28117,1774219189.474231,wallet_9,0x37c94ea1b44e01b18a1ce3ab6f8002bd6b9d7e6d,0x718aee9f11350d2d14f3751791598b78f6dda45ebaf2692a9d8c9a312279aee7,1774218711,2026-03-22 22:31:51,SELL,Down,0.26,10.74,2.7924,"Bitcoin Up or Down - March 22, 6:30PM-6:35PM ET"
28118,1774219189.474231,wallet_9,0x37c94ea1b44e01b18a1ce3ab6f8002bd6b9d7e6d,0x9a67e4ee80c7202afb263e5165f22797762516630ce5503ee1742202244e300f,1774218703,2026-03-22 22:31:43,BUY,Down,0.3299999839115636,26.400630999999997,8.712207805255126,"Bitcoin Up or Down - March 22, 6:30PM-6:35PM ET"
28119,1774219189.474231,wallet_9,0x37c94ea1b44e01b18a1ce3ab6f8002bd6b9d7e6d,0x6406898015be95af563ba176d12871e6a1b389c2cca91fbb333b1df0505a4f32,1774218697,2026-03-22 22:31:37,BUY,Down,0.27213396150520736,7.641094,2.079401180453671,"Bitcoin Up or Down - March 22, 6:30PM-6:35PM ET"
28120,1774219189.474231,wallet_9,0x37c94ea1b44e01b18a1ce3ab6f8002bd6b9d7e6d,0x99150523709d30fa9aae78b95261a60ed6cc056c591a8837f500aba7f999094a,1774218695,2026-03-22 22:31:35,SELL,Up,0.74,6.42,4.7508,"Bitcoin Up or Down - March 22, 6:30PM-6:35PM ET"
28121,1774219189.474231,wallet_9,0x37c94ea1b44e01b18a1ce3ab6f8002bd6b9d7e6d,0xbdcbe874f9303d9ac875877a35d1549d9ce0aa86616aedc57fde4013a7178bbc,1774218693,2026-03-22 22:31:33,SELL,Down,0.23,10.74,2.4702,"Bitcoin Up or Down - March 22, 6:30PM-6:35PM ET"
28122,1774219189.474231,wallet_9,0x37c94ea1b44e01b18a1ce3ab6f8002bd6b9d7e6d,0x6198dfe5847747c16c07dd8ca67c34c86d8c6453eec87c068a75bd16e367b128,1774218689,2026-03-22 22:31:29,SELL,Down,0.3,9.94,2.9819999999999998,"Bitcoin Up or Down - March 22, 6:30PM-6:35PM ET"
28123,1774219189.474231,wallet_9,0x37c94ea1b44e01b18a1ce3ab6f8002bd6b9d7e6d,0x6b1b4d8573939fa86fdec05e30cdea002056885834eb9b5d282526bb02e1deca,1774218687,2026-03-22 22:31:27,SELL,Down,0.3246554934823091,21.48,6.973599999999999,"Bitcoin Up or Down - March 22, 6:30PM-6:35PM ET"
28124,1774219189.474231,wallet_9,0x37c94ea1b44e01b18a1ce3ab6f8002bd6b9d7e6d,0x544caae1b88c0a45cf1cc00ba5456743ead45009e9fcc62a68c89b9443ac5d58,1774218685,2026-03-22 22:31:25,BUY,Down,0.3599999596638588,9.785065,3.5226230053082364,"Bitcoin Up or Down - March 22, 6:30PM-6:35PM ET"
28125,1774219189.474231,wallet_9,0x37c94ea1b44e01b18a1ce3ab6f8002bd6b9d7e6d,0xdc4752c2219cbc5614d8c4868f4c10f19f88ceb1ebe76ef3a9e2e7f3e559095d,1774218679,2026-03-22 22:31:19,BUY,Down,0.3599999649847952,9.017607,3.246338204246644,"Bitcoin Up or Down - March 22, 6:30PM-6:35PM ET"
28126,1774219189.474231,wallet_9,0x37c94ea1b44e01b18a1ce3ab6f8002bd6b9d7e6d,0x9277de2a74e0d1ed181da629e5eff2868a45e13146bb419e4d589e1d202917f9,1774218665,2026-03-22 22:31:05,SELL,Down,0.36,12.88,4.6368,"Bitcoin Up or Down - March 22, 6:30PM-6:35PM ET"
28127,1774219189.474231,wallet_9,0x37c94ea1b44e01b18a1ce3ab6f8002bd6b9d7e6d,0x842313d4714067b15c0aa02f873cd8c70aa426cc0087f539b678e92df705e5a1,1774218657,2026-03-22 22:30:57,SELL,Down,0.37,5.0,1.85,"Bitcoin Up or Down - March 22, 6:30PM-6:35PM ET"
28128,1774219189.474231,wallet_9,0x37c94ea1b44e01b18a1ce3ab6f8002bd6b9d7e6d,0x8764f2023beccc763faf62f850da08164cc119fb51f781e5c5e66adfee2dd3d3,1774218655,2026-03-22 22:30:55,BUY,Down,0.44,6.40135,2.816594,"Bitcoin Up or Down - March 22, 6:30PM-6:35PM ET"
28129,1774219189.474231,wallet_9,0x37c94ea1b44e01b18a1ce3ab6f8002bd6b9d7e6d,0xfd26cb054cb1a264b708ed21cfbf89dbe18905d8a73d4e98a271f17c242b87fa,1774218655,2026-03-22 22:30:55,SELL,Down,0.4,5.17,2.068,"Bitcoin Up or Down - March 22, 6:30PM-6:35PM ET"
28130,1774219189.474231,wallet_9,0x37c94ea1b44e01b18a1ce3ab6f8002bd6b9d7e6d,0xbdd6303863af6c3e93e4a95286531cdcf6c2437255657dec99bd3e4efb817cf9,1774218653,2026-03-22 22:30:53,SELL,Down,0.39,13.96,5.444400000000001,"Bitcoin Up or Down - March 22, 6:30PM-6:35PM ET"
28131,1774219189.474231,wallet_9,0x37c94ea1b44e01b18a1ce3ab6f8002bd6b9d7e6d,0xe49ceac327d3865dcc87a76f5160aa2f0c4c876cde59f60fba36f03f78a1721a,1774218651,2026-03-22 22:30:51,SELL,Down,0.41076,5.0,2.0538,"Bitcoin Up or Down - March 22, 6:30PM-6:35PM ET"
28132,1774219189.474231,wallet_9,0x37c94ea1b44e01b18a1ce3ab6f8002bd6b9d7e6d,0x14c9aee17abbda862f94d3b802773a754f0ebfbd5cacf906cd41196073bb0862,1774218645,2026-03-22 22:30:45,BUY,Up,0.5299999825173587,10.699333,5.670646302947398,"Bitcoin Up or Down - March 22, 6:30PM-6:35PM ET"
28133,1774219189.474231,wallet_9,0x37c94ea1b44e01b18a1ce3ab6f8002bd6b9d7e6d,0xcc870287a9adbf1c7e6379aab1327f2d9563ff53f317ed9871b44129099b24e5,1774218643,2026-03-22 22:30:43,BUY,Up,0.4799999291803093,5.004162,2.401997405606795,"Bitcoin Up or Down - March 22, 6:30PM-6:35PM ET"
28134,1774219189.474231,wallet_9,0x37c94ea1b44e01b18a1ce3ab6f8002bd6b9d7e6d,0x14d80edda804336910bee6cf63ee9b5cab696d53829808cbe4a3023d829d8473,1774218641,2026-03-22 22:30:41,BUY,Down,0.5399999959090902,9.626956,5.198556200616991,"Bitcoin Up or Down - March 22, 6:30PM-6:35PM ET"
28135,1774219189.474231,wallet_9,0x37c94ea1b44e01b18a1ce3ab6f8002bd6b9d7e6d,0x31f7c86c65205c491bc615c8ce14f1b47434b9237db2a2f588d75556c0b999db,1774218635,2026-03-22 22:30:35,BUY,Down,0.4599999167241171,4.965687,2.284215606478031,"Bitcoin Up or Down - March 22, 6:30PM-6:35PM ET"
28136,1774219189.474231,wallet_9,0x37c94ea1b44e01b18a1ce3ab6f8002bd6b9d7e6d,0xd0bace91e89a61efb7cc5573b023fc585606bca2f1fcbbd6c530af61044b6cc2,1774218631,2026-03-22 22:30:31,BUY,Up,0.5399999672106219,9.608718000000001,5.188707404936114,"Bitcoin Up or Down - March 22, 6:30PM-6:35PM ET"
28137,1774219189.474231,wallet_9,0x37c94ea1b44e01b18a1ce3ab6f8002bd6b9d7e6d,0x03b1d665e3a34e0df2927dba3bf87cc5cd20371ef79150e70f6933ad49e57098,1774218625,2026-03-22 22:30:25,BUY,Up,0.5099999690322541,10.172012,5.187725804995718,"Bitcoin Up or Down - March 22, 6:30PM-6:35PM ET"
28138,1774219189.474231,wallet_9,0x37c94ea1b44e01b18a1ce3ab6f8002bd6b9d7e6d,0x7a5329ff37a8ecdb6e2aef23196e5bb294ace56c12575f8f15a479bc6f6596df,1774218615,2026-03-22 22:30:15,SELL,Up,0.48,9.17,4.4016,"Bitcoin Up or Down - March 22, 6:30PM-6:35PM ET"
28139,1774219189.474231,wallet_9,0x37c94ea1b44e01b18a1ce3ab6f8002bd6b9d7e6d,0xef4720a452b09731aecbfb8927d60494e157e71daab642f9e11ddf10f8252da0,1774218613,2026-03-22 22:30:13,BUY,Down,0.48999996680644314,6.227759,3.0516017032785276,"Bitcoin Up or Down - March 22, 6:30PM-6:35PM ET"
28140,1774219189.474231,wallet_9,0x37c94ea1b44e01b18a1ce3ab6f8002bd6b9d7e6d,0xa3fee8e2d4f90881cf61e578ca88c1702811385e42abc0f874aa5852a60bb17e,1774218603,2026-03-22 22:30:03,,,0.0,1018.383051,0.0,"Bitcoin Up or Down - March 22, 6:20PM-6:25PM ET"
28141,1774219189.474231,wallet_9,0x37c94ea1b44e01b18a1ce3ab6f8002bd6b9d7e6d,0xd26972717380642c0decd9c95fe04d1d34b6578b556d399ed29dcdfe5f56bf86,1774218591,2026-03-22 22:29:51,SELL,Up,0.87,5.0,4.35,"Bitcoin Up or Down - March 22, 6:25PM-6:30PM ET"
28142,1774219189.474231,wallet_9,0x37c94ea1b44e01b18a1ce3ab6f8002bd6b9d7e6d,0x527ee959b826a789f8fd56eaf36d88a47b0c4d06128621a0243d972d6bbac56c,1774218585,2026-03-22 22:29:45,SELL,Down,0.14,17.45,2.443,"Bitcoin Up or Down - March 22, 6:25PM-6:30PM ET"
28143,1774219189.474231,wallet_9,0x37c94ea1b44e01b18a1ce3ab6f8002bd6b9d7e6d,0x7741ce1571d5ede5803b521c85b99ee89c2e2ab4ac80a4693ded679b28201379,1774218585,2026-03-22 22:29:45,BUY,Down,0.21,32.77294,6.8823174,"Bitcoin Up or Down - March 22, 6:25PM-6:30PM ET"
28144,1774219189.474231,wallet_9,0x37c94ea1b44e01b18a1ce3ab6f8002bd6b9d7e6d,0x9259de786eacff1abf824dc558fc10fd625da050b931c5d745361e935c84f923,1774218577,2026-03-22 22:29:37,BUY,Down,0.11999997692307582,34.570025,4.148402202230154,"Bitcoin Up or Down - March 22, 6:25PM-6:30PM ET"
28145,1774219189.474231,wallet_9,0x37c94ea1b44e01b18a1ce3ab6f8002bd6b9d7e6d,0x983d11d664f25dc5084519409cc795af43000c992a20a695d962726190d3c360,1774218571,2026-03-22 22:29:31,BUY,Down,0.1,41.31617,4.131617,"Bitcoin Up or Down - March 22, 6:25PM-6:30PM ET"
28146,1774219189.474231,wallet_9,0x37c94ea1b44e01b18a1ce3ab6f8002bd6b9d7e6d,0xd7ce8b74d4aab6d3f5596ccf57a7326fd15833efd71074c639cc2bf8d68a35a1,1774218571,2026-03-22 22:29:31,BUY,Down,0.06999998603104182,64.36031,4.505220800953521,"Bitcoin Up or Down - March 22, 6:25PM-6:30PM ET"
28147,1774219189.474231,wallet_9,0x37c94ea1b44e01b18a1ce3ab6f8002bd6b9d7e6d,0xb325ba4e4ee0a1e8a93f91e00e6f16c5127c977f688f9a3053668388002b3757,1774218567,2026-03-22 22:29:27,SELL,Up,0.94,45.27,42.5538,"Bitcoin Up or Down - March 22, 6:25PM-6:30PM ET"
28148,1774219189.474231,wallet_9,0x37c94ea1b44e01b18a1ce3ab6f8002bd6b9d7e6d,0xcc7401e857c6c809664f87151bda7cec8e119ca8d453ad9ab502e6e50351a094,1774218563,2026-03-22 22:29:23,SELL,Down,0.06728314499442942,62.83,4.2274,"Bitcoin Up or Down - March 22, 6:25PM-6:30PM ET"
28149,1774219189.474231,wallet_9,0x37c94ea1b44e01b18a1ce3ab6f8002bd6b9d7e6d,0x59d82e8b779ac97884fe3a59eef7166666b713306d4728b95717da1a13a73d53,1774218563,2026-03-22 22:29:23,SELL,Down,0.04,9.29,0.3716,"Bitcoin Up or Down - March 22, 6:25PM-6:30PM ET"
28150,1774219189.474231,wallet_9,0x37c94ea1b44e01b18a1ce3ab6f8002bd6b9d7e6d,0x44a4ac09a172a1f070b176e695a8f217646fc746ff785c064005cab38db26eb5,1774218529,2026-03-22 22:28:49,SELL,Down,0.1,5.17,0.517,"Bitcoin Up or Down - March 22, 6:25PM-6:30PM ET"
28151,1774219189.474231,wallet_9,0x37c94ea1b44e01b18a1ce3ab6f8002bd6b9d7e6d,0x84f872b11bc62b58bba8f0f9b51d139a2ffd887b8a11832d7c7491b8ecb18ed7,1774218529,2026-03-22 22:28:49,SELL,Down,0.17,10.74,1.8258,"Bitcoin Up or Down - March 22, 6:25PM-6:30PM ET"
28152,1774219189.474231,wallet_9,0x37c94ea1b44e01b18a1ce3ab6f8002bd6b9d7e6d,0x7051b02c69f10620bb15df0937bb9423fd9a1c965010726824b7e4e7d78ceb6e,1774218527,2026-03-22 22:28:47,SELL,Down,0.21,9.94,2.0873999999999997,"Bitcoin Up or Down - March 22, 6:25PM-6:30PM ET"
28153,1774219189.474231,wallet_9,0x37c94ea1b44e01b18a1ce3ab6f8002bd6b9d7e6d,0xfe7b59c8862457fe92c749f18f81ed1ac498b2f48a21fe6a8559f8ef990f4d92,1774218523,2026-03-22 22:28:43,BUY,Down,0.339999937551,5.692134,1.9353252045319238,"Bitcoin Up or Down - March 22, 6:25PM-6:30PM ET"
28154,1774219189.474231,wallet_9,0x37c94ea1b44e01b18a1ce3ab6f8002bd6b9d7e6d,0x432af7368d5791a8f0d0d128a67dda8f13bf0d10ecebca26d3d39308fa6fd8b1,1774218523,2026-03-22 22:28:43,SELL,Down,0.24,5.0,1.2,"Bitcoin Up or Down - March 22, 6:25PM-6:30PM ET"
28155,1774219189.474231,wallet_9,0x37c94ea1b44e01b18a1ce3ab6f8002bd6b9d7e6d,0xa3fd94853778aa2ff1380343f132eafdc1fd8c1b0220b5adeecc67d0ae9d2dd4,1774218521,2026-03-22 22:28:41,BUY,Down,0.32999990357139414,4.609635,1.5211791054993233,"Bitcoin Up or Down - March 22, 6:25PM-6:30PM ET"
28156,1774219189.474231,wallet_9,0x37c94ea1b44e01b18a1ce3ab6f8002bd6b9d7e6d,0xe840257ed3709c81f25e86acdd05f1e048edb8917491655e2d8f6e242d873599,1774218515,2026-03-22 22:28:35,,,0.5,1000.0,500.0,"Bitcoin Up or Down - March 22, 6:30PM-6:35PM ET"
28157,1774219189.474231,wallet_9,0x37c94ea1b44e01b18a1ce3ab6f8002bd6b9d7e6d,0x7560eb002de1bdb6ccedb75390028d21d2190cebca3ab661705f737ff36e2b09,1774218513,2026-03-22 22:28:33,SELL,Down,0.31,5.0,1.55,"Bitcoin Up or Down - March 22, 6:25PM-6:30PM ET"
28158,1774219189.474231,wallet_9,0x37c94ea1b44e01b18a1ce3ab6f8002bd6b9d7e6d,0x9a34e23f3d61a434785403b6620e983e850a8fbc6744c5056d35b15aefe51aed,1774218511,2026-03-22 22:28:31,BUY,Down,0.186,24.85674,4.6233536399999995,"Bitcoin Up or Down - March 22, 6:25PM-6:30PM ET"
28159,1774219189.474231,wallet_9,0x37c94ea1b44e01b18a1ce3ab6f8002bd6b9d7e6d,0x69fdb79f901e0a5cf6a8dc74cdab57d591b3f4e6b3f747372e81e427c219822a,1774218509,2026-03-22 22:28:29,SELL,Down,0.13,12.92,1.6796,"Bitcoin Up or Down - March 22, 6:25PM-6:30PM ET"
28160,1774219189.474231,wallet_9,0x37c94ea1b44e01b18a1ce3ab6f8002bd6b9d7e6d,0x32427b27e91b3d86090ddbe1d253ce0565d99827a3ae11efa7ad33e00111938a,1774218505,2026-03-22 22:28:25,BUY,Down,0.21,14.89679,3.1283258999999997,"Bitcoin Up or Down - March 22, 6:25PM-6:30PM ET"
28161,1774219189.474231,wallet_9,0x37c94ea1b44e01b18a1ce3ab6f8002bd6b9d7e6d,0x73fff75dece5e701f2b87808106a7ec1a83ee47a148a1efbf12804c939e3202b,1774218503,2026-03-22 22:28:23,BUY,Down,0.16,47.47216,7.5955456,"Bitcoin Up or Down - March 22, 6:25PM-6:30PM ET"
28162,1774219189.474231,wallet_9,0x37c94ea1b44e01b18a1ce3ab6f8002bd6b9d7e6d,0xf0803f06f3020fc57c4bc72709d89ee80e0a0a86dd535e4f412f0f344d0116d6,1774218497,2026-03-22 22:28:17,SELL,Up,0.87,6.95,6.0465,"Bitcoin Up or Down - March 22, 6:25PM-6:30PM ET"
28163,1774219189.474231,wallet_9,0x37c94ea1b44e01b18a1ce3ab6f8002bd6b9d7e6d,0xc3bfa737d3b16e4e0f8da2716e6acd9503bd461b58b6e2ac32a20014bf8cd88d,1774218491,2026-03-22 22:28:11,SELL,Down,0.16,24.86,3.9776,"Bitcoin Up or Down - March 22, 6:25PM-6:30PM ET"
28164,1774219189.474231,wallet_9,0x37c94ea1b44e01b18a1ce3ab6f8002bd6b9d7e6d,0xb1523353f69fcb1f66df3c272b3386365d4843baa8a081c7bda8df447b5caba4,1774218487,2026-03-22 22:28:07,SELL,Down,0.20988686360779385,31.82,6.6786,"Bitcoin Up or Down - March 22, 6:25PM-6:30PM ET"
28165,1774219189.474231,wallet_9,0x37c94ea1b44e01b18a1ce3ab6f8002bd6b9d7e6d,0x7daf59ee607eb53a2b51be0357ee98e13ad9491f05feb440449ac857071d2a70,1774218481,2026-03-22 22:28:01,BUY,Down,0.30999997588888695,20.090129,6.2279395056046285,"Bitcoin Up or Down - March 22, 6:25PM-6:30PM ET"
28166,1774219189.474231,wallet_9,0x37c94ea1b44e01b18a1ce3ab6f8002bd6b9d7e6d,0x185bc9d0cde3dfd1bbda044e2e7fcb55f1449c8a37ba0ffc102256003f17d8e3,1774218481,2026-03-22 22:28:01,SELL,Down,0.2418787878787879,6.6,1.5964,"Bitcoin Up or Down - March 22, 6:25PM-6:30PM ET"
28167,1774219189.474231,wallet_9,0x37c94ea1b44e01b18a1ce3ab6f8002bd6b9d7e6d,0x5c22fb7465d37ad6e5e5a3894e6d099198c0a22e2c8822dbf1b68c513f92c40d,1774218479,2026-03-22 22:27:59,BUY,Down,0.2799999594831995,13.680997,3.8306786056897737,"Bitcoin Up or Down - March 22, 6:25PM-6:30PM ET"
28168,1774219189.474231,wallet_9,0x37c94ea1b44e01b18a1ce3ab6f8002bd6b9d7e6d,0x442b886f17d012d29f1478fa76a1599c74e076e14375d917d7ea89a5609d83d9,1774218477,2026-03-22 22:27:57,BUY,Down,0.2327714962104734,17.388165,4.047469183404586,"Bitcoin Up or Down - March 22, 6:25PM-6:30PM ET"
28169,1774219189.474231,wallet_9,0x37c94ea1b44e01b18a1ce3ab6f8002bd6b9d7e6d,0xc3a991acd9f3e2edb92e60a48c45f2bbefc0c049f0eb49ff9030755190dfd0e2,1774218477,2026-03-22 22:27:57,SELL,Down,0.19502765208647563,19.89,3.8791,"Bitcoin Up or Down - March 22, 6:25PM-6:30PM ET"
28170,1774219189.474231,wallet_9,0x37c94ea1b44e01b18a1ce3ab6f8002bd6b9d7e6d,0x4e774fe4c44d68c90f0d41b624ce8f44dc2ae0b1d4d3496c9c81f895814a36fe,1774218473,2026-03-22 22:27:53,BUY,Down,0.28,30.43757,8.5225196,"Bitcoin Up or Down - March 22, 6:25PM-6:30PM ET"
28171,1774219189.474231,wallet_9,0x37c94ea1b44e01b18a1ce3ab6f8002bd6b9d7e6d,0xb91bb796a39c66432000bef51bea72118a79a9a8b942f05e75a4a8302d23e02c,1774218473,2026-03-22 22:27:53,BUY,Down,0.2999999703557283,16.680715000000003,5.004214005512353,"Bitcoin Up or Down - March 22, 6:25PM-6:30PM ET"
28172,1774219189.474231,wallet_9,0x37c94ea1b44e01b18a1ce3ab6f8002bd6b9d7e6d,0xa3d89b6ba6dddeff275556385f126246f08179eab32485d6612c30381166dc65,1774218471,2026-03-22 22:27:51,SELL,Down,0.27,8.26,2.2302,"Bitcoin Up or Down - March 22, 6:25PM-6:30PM ET"
28173,1774219189.474231,wallet_9,0x37c94ea1b44e01b18a1ce3ab6f8002bd6b9d7e6d,0x8141c2804a181349e014bde7b506534191a57dc7036ed8b90c6d7302f4369594,1774218471,2026-03-22 22:27:51,BUY,Down,0.2599999605420007,14.060966,3.6558506051824136,"Bitcoin Up or Down - March 22, 6:25PM-6:30PM ET"
28174,1774219189.474231,wallet_9,0x37c94ea1b44e01b18a1ce3ab6f8002bd6b9d7e6d,0x6ed8605823fe2b6a209447d9b9250c31b0bee5b99f6ce5e77d6fadda45a6d838,1774218469,2026-03-22 22:27:49,SELL,Down,0.34,29.83,10.1422,"Bitcoin Up or Down - March 22, 6:25PM-6:30PM ET"
28175,1774219189.474231,wallet_9,0x37c94ea1b44e01b18a1ce3ab6f8002bd6b9d7e6d,0xe738840031c66d11da6a7f3498cf9e0ef62f940f5ef35b3411577d59f496b892,1774218467,2026-03-22 22:27:47,BUY,Down,0.3599999540425468,10.305843,3.7101030063697027,"Bitcoin Up or Down - March 22, 6:25PM-6:30PM ET"
28176,1774219189.474231,wallet_9,0x37c94ea1b44e01b18a1ce3ab6f8002bd6b9d7e6d,0x81d69385c11487f0c9e9d33b59303338e2098c7f518d658fde10a0885c292d94,1774218461,2026-03-22 22:27:41,SELL,Down,0.32,17.9,5.728,"Bitcoin Up or Down - March 22, 6:25PM-6:30PM ET"
28177,1774219189.474231,wallet_9,0x37c94ea1b44e01b18a1ce3ab6f8002bd6b9d7e6d,0xb48fd2ac9048388299f6e6edbd111a02f88588c6831dca273a632ecf90729a37,1774218459,2026-03-22 22:27:39,SELL,Down,0.37,7.95,2.9415,"Bitcoin Up or Down - March 22, 6:25PM-6:30PM ET"
28178,1774219189.474231,wallet_9,0x37c94ea1b44e01b18a1ce3ab6f8002bd6b9d7e6d,0x805aaffb0e449dc262ef63f83f3d82bad3e3d5e2c6c3acb6341ccd9464ac42e3,1774218457,2026-03-22 22:27:37,SELL,Down,0.39,11.01,4.2939,"Bitcoin Up or Down - March 22, 6:25PM-6:30PM ET"
28179,1774219189.474231,wallet_9,0x37c94ea1b44e01b18a1ce3ab6f8002bd6b9d7e6d,0x3c1c3404edb4c484ec7b1afc50843262e5aa74c955789176d4de74ecd0fb2b88,1774218455,2026-03-22 22:27:35,BUY,Down,0.4230043368180998,40.428576,17.101462979380145,"Bitcoin Up or Down - March 22, 6:25PM-6:30PM ET"
28180,1774219189.474231,wallet_9,0x37c94ea1b44e01b18a1ce3ab6f8002bd6b9d7e6d,0xa071426b9501265787d52c191cebc6997318e3009689ca6f5a1db292ff2090e9,1774218453,2026-03-22 22:27:33,SELL,Down,0.4321362229102167,12.92,5.5832,"Bitcoin Up or Down - March 22, 6:25PM-6:30PM ET"
28181,1774219189.474231,wallet_9,0x37c94ea1b44e01b18a1ce3ab6f8002bd6b9d7e6d,0xfab914f663020e800d2f3226ade1e568d8f51bfa40051ae748a5c3640b054006,1774218451,2026-03-22 22:27:31,BUY,Up,0.5246763573051636,25.611515999999998,13.437756919942913,"Bitcoin Up or Down - March 22, 6:25PM-6:30PM ET"
28182,1774219189.474231,wallet_9,0x37c94ea1b44e01b18a1ce3ab6f8002bd6b9d7e6d,0x7dc183d7701ccdb99635a0f8f4ff0f2dc2c7cdedcdb6e8a4a5dc6f0869a8d8f9,1774218447,2026-03-22 22:27:27,BUY,Up,0.477903921600274,23.482905,11.222572390066683,"Bitcoin Up or Down - March 22, 6:25PM-6:30PM ET"
28183,1774219189.474231,wallet_9,0x37c94ea1b44e01b18a1ce3ab6f8002bd6b9d7e6d,0x9180b03148a1eee18b7c76ba1c7dec7d2e3dddb204cb37516e5bd749ba02cf75,1774218445,2026-03-22 22:27:25,BUY,Up,0.3799998996226049,4.126149,1.5679362058279114,"Bitcoin Up or Down - March 22, 6:25PM-6:30PM ET"
28184,1774219189.474231,wallet_9,0x37c94ea1b44e01b18a1ce3ab6f8002bd6b9d7e6d,0x21e606f1444aaf2bfaf01391c0c1deaac4f69b73bda6070c8d4302b5f907813b,1774218443,2026-03-22 22:27:23,SELL,Down,0.64,5.0,3.2,"Bitcoin Up or Down - March 22, 6:25PM-6:30PM ET"
28185,1774219189.474231,wallet_9,0x37c94ea1b44e01b18a1ce3ab6f8002bd6b9d7e6d,0x60033ab6f7593cfbfa496b0bd34715af5f6700a934a8d1db511df3bd309b66a0,1774218431,2026-03-22 22:27:11,BUY,Up,0.23886598974565196,24.66201,5.890915427767165,"Bitcoin Up or Down - March 22, 6:25PM-6:30PM ET"
28186,1774219189.474231,wallet_9,0x37c94ea1b44e01b18a1ce3ab6f8002bd6b9d7e6d,0x427d1ea03ef6261f1b7df972973dc2d5336638804e269fa516d86e1082128982,1774218415,2026-03-22 22:26:55,SELL,Up,0.2,9.55,1.9100000000000001,"Bitcoin Up or Down - March 22, 6:25PM-6:30PM ET"
28187,1774219189.474231,wallet_9,0x37c94ea1b44e01b18a1ce3ab6f8002bd6b9d7e6d,0xa0582f277f0a1a389ed3d511da118bf4820bf47d607da68012dd00ee78ca0442,1774218407,2026-03-22 22:26:47,BUY,Up,0.25,9.79317,2.4482925,"Bitcoin Up or Down - March 22, 6:25PM-6:30PM ET"
28188,1774219189.474231,wallet_9,0x37c94ea1b44e01b18a1ce3ab6f8002bd6b9d7e6d,0xe2412c44b133f4114849cca4acb48f0730f52e4bb91ebf73bf7207bbde89e5cc,1774218407,2026-03-22 22:26:47,SELL,Up,0.2174878758486906,10.31,2.2423,"Bitcoin Up or Down - March 22, 6:25PM-6:30PM ET"
28189,1774219189.474231,wallet_9,0x37c94ea1b44e01b18a1ce3ab6f8002bd6b9d7e6d,0x653a8a8b200ae2ad08e583e4e9ebcd3ff695b9070ce5e1c911a2f511b9516609,1774218393,2026-03-22 22:26:33,SELL,Up,0.24,12.38,2.9712,"Bitcoin Up or Down - March 22, 6:25PM-6:30PM ET"
28190,1774219189.474231,wallet_9,0x37c94ea1b44e01b18a1ce3ab6f8002bd6b9d7e6d,0x8a4e7762472e096933624c6d49cc0f1adf0c2e73df999ad675f2de0dc482f104,1774218391,2026-03-22 22:26:31,SELL,Up,0.3,10.31,3.093,"Bitcoin Up or Down - March 22, 6:25PM-6:30PM ET"
28191,1774219189.474231,wallet_9,0x37c94ea1b44e01b18a1ce3ab6f8002bd6b9d7e6d,0x9f68a50a05582fe2fa339f283ec2c34cb18b438818624a169451bb27453f2b43,1774218391,2026-03-22 22:26:31,SELL,Up,0.28,10.31,2.8868000000000005,"Bitcoin Up or Down - March 22, 6:25PM-6:30PM ET"
28192,1774219189.474231,wallet_9,0x37c94ea1b44e01b18a1ce3ab6f8002bd6b9d7e6d,0xea0028486e024fec07273621ccec03bfd5daf97613c5642ed37e75f7f79b8986,1774218387,2026-03-22 22:26:27,SELL,Up,0.31,6.87,2.1297,"Bitcoin Up or Down - March 22, 6:25PM-6:30PM ET"
28193,1774219189.474231,wallet_9,0x37c94ea1b44e01b18a1ce3ab6f8002bd6b9d7e6d,0xcc3a08785ed4acb10e6e940483cba10c8536db22f9aa83fdac5f51e42abcc3cb,1774218383,2026-03-22 22:26:23,BUY,Up,0.3709163085242007,15.63686,5.799966388109733,"Bitcoin Up or Down - March 22, 6:25PM-6:30PM ET"
28194,1774219189.474231,wallet_9,0x37c94ea1b44e01b18a1ce3ab6f8002bd6b9d7e6d,0xfeae6032e39017e8e16f8c564b85122b24a899da301abf2f6289bc0831b0bb63,1774218383,2026-03-22 22:26:23,SELL,Up,0.33,5.0,1.6500000000000001,"Bitcoin Up or Down - March 22, 6:25PM-6:30PM ET"
28195,1774219189.474231,wallet_9,0x37c94ea1b44e01b18a1ce3ab6f8002bd6b9d7e6d,0x2e20545a20087ed9dc763d419a91b1cc73f03f73fa3d5d9fc3b21237cd829ff0,1774218381,2026-03-22 22:26:21,BUY,Up,0.36,4.93365,1.776114,"Bitcoin Up or Down - March 22, 6:25PM-6:30PM ET"
28196,1774219189.474231,wallet_9,0x37c94ea1b44e01b18a1ce3ab6f8002bd6b9d7e6d,0x8927e34c34114bdbb798d116d4c3f0a7fa39425aab02a5ee393405d3e3640f10,1774218381,2026-03-22 22:26:21,SELL,Up,0.315819592628516,10.31,3.2561,"Bitcoin Up or Down - March 22, 6:25PM-6:30PM ET"
28197,1774219189.474231,wallet_9,0x37c94ea1b44e01b18a1ce3ab6f8002bd6b9d7e6d,0x2b9f393845392a1d5cfcc04db95c547b86830614d916d298f46a48cf78022266,1774218371,2026-03-22 22:26:11,BUY,Up,0.379999948932793,6.565503,2.494890804718099,"Bitcoin Up or Down - March 22, 6:25PM-6:30PM ET"
28198,1774219189.474231,wallet_9,0x37c94ea1b44e01b18a1ce3ab6f8002bd6b9d7e6d,0xde255a89f7e53b255bfb4336bef4afd4f4be3e6003d3b61c15b5428106ad63e3,1774218371,2026-03-22 22:26:11,BUY,Up,0.28,13.36284,3.7415952000000003,"Bitcoin Up or Down - March 22, 6:25PM-6:30PM ET"
28199,1774219189.474231,wallet_9,0x37c94ea1b44e01b18a1ce3ab6f8002bd6b9d7e6d,0x087963ef2aea69aa4cf63653e140a97ca09f17da1062469a55e3266e4ab885d3,1774218369,2026-03-22 22:26:09,SELL,Up,0.26,10.31,2.6806,"Bitcoin Up or Down - March 22, 6:25PM-6:30PM ET"
28200,1774219189.474231,wallet_9,0x37c94ea1b44e01b18a1ce3ab6f8002bd6b9d7e6d,0x631fc0c052416431b30c77d046ba9b328845028b042fb844ce41b7f767dbc9ff,1774218361,2026-03-22 22:26:01,SELL,Down,0.69,5.0,3.4499999999999997,"Bitcoin Up or Down - March 22, 6:25PM-6:30PM ET"
28201,1774219189.474231,wallet_9,0x37c94ea1b44e01b18a1ce3ab6f8002bd6b9d7e6d,0x3371f6b3b9cf263eacc5d41acd4f7b50ac2baf2d411d89b73cbc9500bae7173d,1774218357,2026-03-22 22:25:57,SELL,Up,0.3,7.94,2.382,"Bitcoin Up or Down - March 22, 6:25PM-6:30PM ET"
28202,1774219189.474231,wallet_9,0x37c94ea1b44e01b18a1ce3ab6f8002bd6b9d7e6d,0x9377718f352a58212e42204c516f7e65249fdff6f70ea05c29ed6c20315cae8b,1774218343,2026-03-22 22:25:43,SELL,Up,0.35,14.9,5.215,"Bitcoin Up or Down - March 22, 6:25PM-6:30PM ET"
28203,1774219189.474231,wallet_9,0x37c94ea1b44e01b18a1ce3ab6f8002bd6b9d7e6d,0x1e8182a8e601cc545da4d44c2798db4e5e268318d4934f0a1bca62b68c11e945,1774218333,2026-03-22 22:25:33,SELL,Up,0.38,26.75,10.165000000000001,"Bitcoin Up or Down - March 22, 6:25PM-6:30PM ET"
28204,1774219189.474231,wallet_9,0x37c94ea1b44e01b18a1ce3ab6f8002bd6b9d7e6d,0xddf063a9ea9b44e893551eda59a5877524cd472206731c3df8d3ce06a1a59cb2,1774218333,2026-03-22 22:25:33,SELL,Up,0.36,25.79,9.2844,"Bitcoin Up or Down - March 22, 6:25PM-6:30PM ET"
28205,1774219189.474231,wallet_9,0x37c94ea1b44e01b18a1ce3ab6f8002bd6b9d7e6d,0x7f02a3f5485cd47bb65f26e3eac36632a6b8220912bd4be218e9f31b67079ab1,1774218329,2026-03-22 22:25:29,BUY,Up,0.43999998371740884,26.612575999999997,11.709533006678305,"Bitcoin Up or Down - March 22, 6:25PM-6:30PM ET"
28206,1774219189.474231,wallet_9,0x37c94ea1b44e01b18a1ce3ab6f8002bd6b9d7e6d,0x4a9e555327b5179919784a31ba473fe90a9c1664fdf68cbb42cb33e9d49916ee,1774218327,2026-03-22 22:25:27,BUY,Up,0.3899999736601268,11.602708999999999,4.525056204386115,"Bitcoin Up or Down - March 22, 6:25PM-6:30PM ET"
28207,1774219189.474231,wallet_9,0x37c94ea1b44e01b18a1ce3ab6f8002bd6b9d7e6d,0x9f115748af68ebb0cf442acef3be069fc4082bd87bb9942f5f6340e19e7854af,1774218327,2026-03-22 22:25:27,SELL,Up,0.34,6.68,2.2712,"Bitcoin Up or Down - March 22, 6:25PM-6:30PM ET"
28208,1774219189.474231,wallet_9,0x37c94ea1b44e01b18a1ce3ab6f8002bd6b9d7e6d,0x9d165e1cbab172cc26ab6d4b83138bbb2e95fba2219b40102572dfaeb83432f3,1774218321,2026-03-22 22:25:21,SELL,Up,0.36426457939102014,58.13,21.1747,"Bitcoin Up or Down - March 22, 6:25PM-6:30PM ET"
28209,1774219189.474231,wallet_9,0x37c94ea1b44e01b18a1ce3ab6f8002bd6b9d7e6d,0x800bab7aa856a75b18e1af92f40a5d59bd757b9b1ed91d3a76603d42235e4880,1774218307,2026-03-22 22:25:07,,,0.0,1007.470051,0.0,"Bitcoin Up or Down - March 22, 6:10PM-6:15PM ET"
28210,1774219189.474231,wallet_9,0x37c94ea1b44e01b18a1ce3ab6f8002bd6b9d7e6d,0xdfba205891c89dea8b42ecf03dcdae84308781387d74200664b17e70265540d0,1774218303,2026-03-22 22:25:03,,,0.0,972.006957,0.0,"Bitcoin Up or Down - March 22, 6:15PM-6:20PM ET"
28211,1774219189.474231,wallet_9,0x37c94ea1b44e01b18a1ce3ab6f8002bd6b9d7e6d,0x8735f1d25cfb06e79dcf84394dbddfe1b8274cae2b81dd8d4211f18b7cb8a60a,1774218215,2026-03-22 22:23:35,,,0.5,1000.0,500.0,"Bitcoin Up or Down - March 22, 6:25PM-6:30PM ET"
28212,1774219189.474231,wallet_9,0x37c94ea1b44e01b18a1ce3ab6f8002bd6b9d7e6d,0xdde0b5ad377f47511790179d184340cee71e96c9bd4f417a3c6832286cbb6ebf,1774218165,2026-03-22 22:22:45,SELL,Up,0.95,10.31,9.7945,"Bitcoin Up or Down - March 22, 6:20PM-6:25PM ET"
28213,1774219189.474231,wallet_9,0x37c94ea1b44e01b18a1ce3ab6f8002bd6b9d7e6d,0xfbc6b42cda37cf70bc834d526e78a34327c1e2736aeddd67885e9a71ef6edaa2,1774218159,2026-03-22 22:22:39,SELL,Up,0.97,5.57,5.4029,"Bitcoin Up or Down - March 22, 6:20PM-6:25PM ET"
28214,1774219189.474231,wallet_9,0x37c94ea1b44e01b18a1ce3ab6f8002bd6b9d7e6d,0x6fef6af2526208b4365648915f835298bcfd98a0be36e56cf3d9e615a1f559e8,1774218145,2026-03-22 22:22:25,SELL,Down,0.09,48.33,4.3496999999999995,"Bitcoin Up or Down - March 22, 6:20PM-6:25PM ET"
28215,1774219189.474231,wallet_9,0x37c94ea1b44e01b18a1ce3ab6f8002bd6b9d7e6d,0x0f1b7f88e8964e2675acae236b6f3a82e8dbf6b837bba059ccb6a4cbef424141,1774218143,2026-03-22 22:22:23,BUY,Down,0.1,30.538040000000002,3.0538040000000004,"Bitcoin Up or Down - March 22, 6:20PM-6:25PM ET"
28216,1774219189.474231,wallet_9,0x37c94ea1b44e01b18a1ce3ab6f8002bd6b9d7e6d,0xcbbfd3cef16a0130a9d6af915b91256009af30d179a3c4678d008cf2cb9a2c33,1774218139,2026-03-22 22:22:19,SELL,Up,0.93,10.31,9.5883,"Bitcoin Up or Down - March 22, 6:20PM-6:25PM ET"
28217,1774219189.474231,wallet_9,0x37c94ea1b44e01b18a1ce3ab6f8002bd6b9d7e6d,0x56a546c0d62371c735f665e0c92c1c4e4d9b79d4bd062002509220629e4b67a3,1774218127,2026-03-22 22:22:07,SELL,Down,0.08,33.56,2.6848,"Bitcoin Up or Down - March 22, 6:20PM-6:25PM ET"
28218,1774219189.474231,wallet_9,0x37c94ea1b44e01b18a1ce3ab6f8002bd6b9d7e6d,0x2df406e67bb3bab44926d7a20139adda0bf7bd6236101c9e23743790f5ab7d42,1774218121,2026-03-22 22:22:01,SELL,Down,0.18,28.64,5.1552,"Bitcoin Up or Down - March 22, 6:20PM-6:25PM ET"
28219,1774219189.474231,wallet_9,0x37c94ea1b44e01b18a1ce3ab6f8002bd6b9d7e6d,0x1931feec88d0149e98de8cc877be1c4ee0db8f74505d614f0876ba89b92c377f,1774218117,2026-03-22 22:21:57,SELL,Down,0.35,14.32,5.012,"Bitcoin Up or Down - March 22, 6:20PM-6:25PM ET"
28220,1774219189.474231,wallet_9,0x37c94ea1b44e01b18a1ce3ab6f8002bd6b9d7e6d,0x951de1729483f286c58d89b9ecc359e65a746057ac81c0013a0681efd4278f15,1774218113,2026-03-22 22:21:53,SELL,Down,0.45,24.86,11.187,"Bitcoin Up or Down - March 22, 6:20PM-6:25PM ET"
28221,1774219189.474231,wallet_9,0x37c94ea1b44e01b18a1ce3ab6f8002bd6b9d7e6d,0xb627c3924d88d1eb117e17630c1458f81d9a68e856de6d00039d76aaa6fb74a0,1774218111,2026-03-22 22:21:51,BUY,Up,0.48999998308886883,23.28378,11.409051806244943,"Bitcoin Up or Down - March 22, 6:20PM-6:25PM ET"
28222,1774219189.474231,wallet_9,0x37c94ea1b44e01b18a1ce3ab6f8002bd6b9d7e6d,0xa51b1ee72b645435a2c08f7699dabec656b3ca5c49eec42b9335776ddb6e3525,1774218107,2026-03-22 22:21:47,BUY,Up,0.42757575757575755,19.50348,8.339215236363636,"Bitcoin Up or Down - March 22, 6:20PM-6:25PM ET"
28223,1774219189.474231,wallet_9,0x37c94ea1b44e01b18a1ce3ab6f8002bd6b9d7e6d,0x0ed2c3581147fa897bf8416d187ee7a5573fd08ac562bc2a8a53fa5f923d6328,1774218101,2026-03-22 22:21:41,BUY,Up,0.41999996370369563,7.599844,3.191934204153749,"Bitcoin Up or Down - March 22, 6:20PM-6:25PM ET"
28224,1774219189.474231,wallet_9,0x37c94ea1b44e01b18a1ce3ab6f8002bd6b9d7e6d,0xd1761bf0ba4167d515bb196f8af387748761bde01f1e266d820ddd5a3e017aaf,1774218089,2026-03-22 22:21:29,BUY,Up,0.359999981647058,27.957321999999998,10.064635406900889,"Bitcoin Up or Down - March 22, 6:20PM-6:25PM ET"
28225,1774219189.474231,wallet_9,0x37c94ea1b44e01b18a1ce3ab6f8002bd6b9d7e6d,0xca7b174a3fbec3178cf68e23348f76438155976e36028b1a3619dec2ee0fff31,1774218089,2026-03-22 22:21:29,BUY,Up,0.39253443934231963,19.96511,7.836993260257739,"Bitcoin Up or Down - March 22, 6:20PM-6:25PM ET"
28226,1774219189.474231,wallet_9,0x37c94ea1b44e01b18a1ce3ab6f8002bd6b9d7e6d,0x856c24acf861596a8b3a64131ebb6a644b5e5e7877b2f024e7a1a5a64b2ffc8c,1774218083,2026-03-22 22:21:23,SELL,Up,0.33,25.79,8.5107,"Bitcoin Up or Down - March 22, 6:20PM-6:25PM ET"
28227,1774219189.474231,wallet_9,0x37c94ea1b44e01b18a1ce3ab6f8002bd6b9d7e6d,0x485ec58a4c66d3c0fc8684d042738f50eef37b58c866585d5d953679a4ad7fb5,1774218069,2026-03-22 22:21:09,SELL,Up,0.37,25.79,9.5423,"Bitcoin Up or Down - March 22, 6:20PM-6:25PM ET"
28228,1774219189.474231,wallet_9,0x37c94ea1b44e01b18a1ce3ab6f8002bd6b9d7e6d,0x6bf754184a5122ef9e742f405b744539a58f64de8cc4b9b42d735995ca2b586e,1774218067,2026-03-22 22:21:07,BUY,Up,0.4,20.87008,8.348032000000002,"Bitcoin Up or Down - March 22, 6:20PM-6:25PM ET"
28229,1774219189.474231,wallet_9,0x37c94ea1b44e01b18a1ce3ab6f8002bd6b9d7e6d,0x2dc43a4f64503caef1465891e3606286130c73ac048a92e3c9dc80485df255e3,1774218065,2026-03-22 22:21:05,BUY,Up,0.40999992772434857,7.498435,3.0743578080457254,"Bitcoin Up or Down - March 22, 6:20PM-6:25PM ET"
28230,1774219189.474231,wallet_9,0x37c94ea1b44e01b18a1ce3ab6f8002bd6b9d7e6d,0x2b96ec83165d9c40918edf2d1dc92e58ecffec7dd9d7e28d2ae89c21d1b89182,1774218063,2026-03-22 22:21:03,SELL,Up,0.35,26.83,9.3905,"Bitcoin Up or Down - March 22, 6:20PM-6:25PM ET"
28231,1774219189.474231,wallet_9,0x37c94ea1b44e01b18a1ce3ab6f8002bd6b9d7e6d,0x03c6300fe684fc7b00f0c8980a4ccaa46cfc074a8a97049f5b129e317cc5d3f3,1774218037,2026-03-22 22:20:37,SELL,Up,0.45,10.31,4.6395,"Bitcoin Up or Down - March 22, 6:20PM-6:25PM ET"
28232,1774219189.474231,wallet_9,0x37c94ea1b44e01b18a1ce3ab6f8002bd6b9d7e6d,0xdff084facd3ab580c40f128e6788565735495af4ec9220b672b5f0e39e22e734,1774218033,2026-03-22 22:20:33,BUY,Down,0.4899999285762574,5.926417,2.9039439067131174,"Bitcoin Up or Down - March 22, 6:20PM-6:25PM ET"
28233,1774219189.474231,wallet_9,0x37c94ea1b44e01b18a1ce3ab6f8002bd6b9d7e6d,0xe7366cbc5a86878f31688c5130997dc183134416316d6bd30fcf04ae99418e91,1774218031,2026-03-22 22:20:31,SELL,Down,0.44,10.74,4.7256,"Bitcoin Up or Down - March 22, 6:20PM-6:25PM ET"
28234,1774219189.474231,wallet_9,0x37c94ea1b44e01b18a1ce3ab6f8002bd6b9d7e6d,0x8920080b745314f2e56ca14a2814081f2984fa370a4fbb0e716b5fcae433c52a,1774218021,2026-03-22 22:20:21,BUY,Down,0.43112898000518773,5.551612,2.3934608189445603,"Bitcoin Up or Down - March 22, 6:20PM-6:25PM ET"
28235,1774219189.474231,wallet_9,0x37c94ea1b44e01b18a1ce3ab6f8002bd6b9d7e6d,0x041d39461a61a9e5a66b884ba13c6f4d853eb5acca95adef170bcff5b9b08728,1774218017,2026-03-22 22:20:17,SELL,Down,0.41,12.92,5.297199999999999,"Bitcoin Up or Down - March 22, 6:20PM-6:25PM ET"
28236,1774219189.474231,wallet_9,0x37c94ea1b44e01b18a1ce3ab6f8002bd6b9d7e6d,0x049d67911c5b31ad4a30e23a04b0d4b02517b8357d3376eebe52893ced61d5a0,1774218011,2026-03-22 22:20:11,BUY,Up,0.5,6.614999999999999,3.3074999999999997,"Bitcoin Up or Down - March 22, 6:20PM-6:25PM ET"
28237,1774219189.474231,wallet_9,0x37c94ea1b44e01b18a1ce3ab6f8002bd6b9d7e6d,0xbc0fdfd11e81d67d2c8303725e663128e2e40951a7acc1bd12af1de5c7caa9ba,1774217915,2026-03-22 22:18:35,,,0.5,1000.0,500.0,"Bitcoin Up or Down - March 22, 6:20PM-6:25PM ET"
28238,1774219189.474231,wallet_9,0x37c94ea1b44e01b18a1ce3ab6f8002bd6b9d7e6d,0xb2b3b271a25fecc9724cbef86fa5a99f3e8fa2b19545dc54a91fb12f7dff09a6,1774217895,2026-03-22 22:18:15,SELL,Down,0.07,26.85,1.8795000000000002,"Bitcoin Up or Down - March 22, 6:15PM-6:20PM ET"
28239,1774219189.474231,wallet_9,0x37c94ea1b44e01b18a1ce3ab6f8002bd6b9d7e6d,0x90f0b29d1f2d1a64a9f1048cb886d1c69ab608541bdc83ab7106958a1e9c589a,1774217877,2026-03-22 22:17:57,SELL,Down,0.05,12.92,0.646,"Bitcoin Up or Down - March 22, 6:15PM-6:20PM ET"
28240,1774219189.474231,wallet_9,0x37c94ea1b44e01b18a1ce3ab6f8002bd6b9d7e6d,0x8da2bd1125282c1602fdf5fc07b019d386a0e260b3b5719a27a146c6f8719474,1774217873,2026-03-22 22:17:53,SELL,Up,0.93,5.0,4.65,"Bitcoin Up or Down - March 22, 6:15PM-6:20PM ET"
28241,1774219189.474231,wallet_9,0x37c94ea1b44e01b18a1ce3ab6f8002bd6b9d7e6d,0x591ab6e0ebcb8bd5c40ceb2a06f82511e23e52802cb78feff4b27388aa297eae,1774217859,2026-03-22 22:17:39,SELL,Down,0.07,29.83,2.0881000000000003,"Bitcoin Up or Down - March 22, 6:15PM-6:20PM ET"
28242,1774219189.474231,wallet_9,0x37c94ea1b44e01b18a1ce3ab6f8002bd6b9d7e6d,0x8ce0814f040d921784f768ae8d723d9d53017cc817245848878be10cc695a88b,1774217845,2026-03-22 22:17:25,SELL,Down,0.12,9.94,1.1927999999999999,"Bitcoin Up or Down - March 22, 6:15PM-6:20PM ET"
28243,1774219189.474231,wallet_9,0x37c94ea1b44e01b18a1ce3ab6f8002bd6b9d7e6d,0x536ffea054eb86f7d00233920539f9999b5c8b5c914112192fe9c3289024df21,1774217843,2026-03-22 22:17:23,SELL,Up,0.8640257648953301,12.42,10.7312,"Bitcoin Up or Down - March 22, 6:15PM-6:20PM ET"
28244,1774219189.474231,wallet_9,0x37c94ea1b44e01b18a1ce3ab6f8002bd6b9d7e6d,0x3ec1230e31dfaa92145fe4b813718245beee6a4326cb0bed15181c2798a266d9,1774217837,2026-03-22 22:17:17,SELL,Down,0.14,11.93,1.6702000000000001,"Bitcoin Up or Down - March 22, 6:15PM-6:20PM ET"
28245,1774219189.474231,wallet_9,0x37c94ea1b44e01b18a1ce3ab6f8002bd6b9d7e6d,0x23da6901c1d96f5c418af1df1f4f50e9b6722d284839ec07c232ff0719877034,1774217837,2026-03-22 22:17:17,SELL,Up,0.81,5.0,4.050000000000001,"Bitcoin Up or Down - March 22, 6:15PM-6:20PM ET"
28246,1774219189.474231,wallet_9,0x37c94ea1b44e01b18a1ce3ab6f8002bd6b9d7e6d,0x7b24213ceddfdfef4233f42c2a1d3fbb5c48a62fdd105c4a505d52a48173c7c8,1774217835,2026-03-22 22:17:15,BUY,Down,0.16,44.36127,7.0978031999999995,"Bitcoin Up or Down - March 22, 6:15PM-6:20PM ET"
28247,1774219189.474231,wallet_9,0x37c94ea1b44e01b18a1ce3ab6f8002bd6b9d7e6d,0xdaff0506ffab339bd8d92ff68ccce9c3b3988bbfed9b688925f51f6bbac37d7a,1774217831,2026-03-22 22:17:11,SELL,Down,0.2,35.8,7.16,"Bitcoin Up or Down - March 22, 6:15PM-6:20PM ET"
28248,1774219189.474231,wallet_9,0x37c94ea1b44e01b18a1ce3ab6f8002bd6b9d7e6d,0xf3f8107e46c8d497e7d1419e4b0cb99a5af9b69c2115c85ba3fd9ab97afb4bfe,1774217825,2026-03-22 22:17:05,SELL,Down,0.26,24.86,6.4636000000000005,"Bitcoin Up or Down - March 22, 6:15PM-6:20PM ET"
28249,1774219189.474231,wallet_9,0x37c94ea1b44e01b18a1ce3ab6f8002bd6b9d7e6d,0xa76367fcbc2af6b0cc74218ba7344de71bcbf6f937854c38bd5f6965ec8f89d7,1774217819,2026-03-22 22:16:59,SELL,Down,0.32008566108007447,26.85,8.5943,"Bitcoin Up or Down - March 22, 6:15PM-6:20PM ET"
28250,1774219189.474231,wallet_9,0x37c94ea1b44e01b18a1ce3ab6f8002bd6b9d7e6d,0x14c68ccabb34f4a9a2b7ec62688ae2f1240d35e4a68ee57abe5011e715ec0d56,1774217817,2026-03-22 22:16:57,SELL,Down,0.35,26.85,9.397499999999999,"Bitcoin Up or Down - March 22, 6:15PM-6:20PM ET"
28251,1774219189.474231,wallet_9,0x37c94ea1b44e01b18a1ce3ab6f8002bd6b9d7e6d,0xa8bb40683d95f2c3adca2404fc6e1aa0af5359b26e88a5bf06235a80639e4efd,1774217815,2026-03-22 22:16:55,SELL,Down,0.3837140804597701,27.84,10.6826,"Bitcoin Up or Down - March 22, 6:15PM-6:20PM ET"
28252,1774219189.474231,wallet_9,0x37c94ea1b44e01b18a1ce3ab6f8002bd6b9d7e6d,0x889c84550a619198fdb5accebc508d66fcd8fa74bd735e529a2d1472b3bb4697,1774217811,2026-03-22 22:16:51,BUY,Down,0.3972675082196215,28.92981,11.492873531967087,"Bitcoin Up or Down - March 22, 6:15PM-6:20PM ET"
28253,1774219189.474231,wallet_9,0x37c94ea1b44e01b18a1ce3ab6f8002bd6b9d7e6d,0xb51626228bb1765dec166e346dc0e62578e86b308e34880bd668c31f6caff2e0,1774217807,2026-03-22 22:16:47,BUY,Down,0.3799999493333141,5.060367,1.9229392036079749,"Bitcoin Up or Down - March 22, 6:15PM-6:20PM ET"
28254,1774219189.474231,wallet_9,0x37c94ea1b44e01b18a1ce3ab6f8002bd6b9d7e6d,0x9424bac92d8bf2bb068ceb1d1b1ccfa1621dbeb6fa8f7f098937a3f1510d9133,1774217803,2026-03-22 22:16:43,BUY,Down,0.3599999706122398,10.744387,3.8679790042465316,"Bitcoin Up or Down - March 22, 6:15PM-6:20PM ET"
28255,1774219189.474231,wallet_9,0x37c94ea1b44e01b18a1ce3ab6f8002bd6b9d7e6d,0xea17c5af42a27cfe0273baedae847ed984c7302cd748ef922c0f74faf6adccb8,1774217795,2026-03-22 22:16:35,SELL,Down,0.3818126554296767,36.19,13.817799999999998,"Bitcoin Up or Down - March 22, 6:15PM-6:20PM ET"
28256,1774219189.474231,wallet_9,0x37c94ea1b44e01b18a1ce3ab6f8002bd6b9d7e6d,0xd524cde8ada3594414acc2757730589f3a690a8784ebf2644c520deac8b1b143,1774217793,2026-03-22 22:16:33,SELL,Down,0.44,21.48,9.4512,"Bitcoin Up or Down - March 22, 6:15PM-6:20PM ET"
28257,1774219189.474231,wallet_9,0x37c94ea1b44e01b18a1ce3ab6f8002bd6b9d7e6d,0x070100d512b761bfaf8688bf872fe1f0e131ce4536c5ca5b18ebf0d71ac83d19,1774217791,2026-03-22 22:16:31,BUY,Down,0.4399999848275854,25.963485,11.423933006071241,"Bitcoin Up or Down - March 22, 6:15PM-6:20PM ET"
28258,1774219189.474231,wallet_9,0x37c94ea1b44e01b18a1ce3ab6f8002bd6b9d7e6d,0xbb56294d7b43c0a523d497307cfeea5dfa9bcbeab11af7b51e7a00f8c3889af8,1774217787,2026-03-22 22:16:27,SELL,Down,0.42,17.18,7.215599999999999,"Bitcoin Up or Down - March 22, 6:15PM-6:20PM ET"
28259,1774219189.474231,wallet_9,0x37c94ea1b44e01b18a1ce3ab6f8002bd6b9d7e6d,0x15cb803a7b0a573f162882eb2bc5e269a403f809a8e9c344e6d3aa74ecbb16da,1774217781,2026-03-22 22:16:21,BUY,Up,0.5099999749180237,4.7096219999999995,2.4019071018733724,"Bitcoin Up or Down - March 22, 6:15PM-6:20PM ET"
28260,1774219189.474231,wallet_9,0x37c94ea1b44e01b18a1ce3ab6f8002bd6b9d7e6d,0x1c5feebf955e6aafa19ccf82420240cacb8acf2d4298d1a0db959b70a280c6c3,1774217777,2026-03-22 22:16:17,SELL,Up,0.46,25.79,11.8634,"Bitcoin Up or Down - March 22, 6:15PM-6:20PM ET"
28261,1774219189.474231,wallet_9,0x37c94ea1b44e01b18a1ce3ab6f8002bd6b9d7e6d,0x33986793be1f20462dca03072d7d614cb4508f236a090fe179eed9d77dacd2a5,1774217773,2026-03-22 22:16:13,SELL,Down,0.46,26.85,12.351,"Bitcoin Up or Down - March 22, 6:15PM-6:20PM ET"
28262,1774219189.474231,wallet_9,0x37c94ea1b44e01b18a1ce3ab6f8002bd6b9d7e6d,0x8f3c49ad799ad97767cab86c23014102ba7fdd647fac3fa2239f08bf37b34e9e,1774217765,2026-03-22 22:16:05,SELL,Down,0.48,39.78,19.0944,"Bitcoin Up or Down - March 22, 6:15PM-6:20PM ET"
28263,1774219189.474231,wallet_9,0x37c94ea1b44e01b18a1ce3ab6f8002bd6b9d7e6d,0x2e428731271442d016a3d8852983a2a3e45b95351819e9ccbd80b1bfddcffbf4,1774217763,2026-03-22 22:16:03,BUY,Up,0.48,15.25859,7.3241232,"Bitcoin Up or Down - March 22, 6:15PM-6:20PM ET"
28264,1774219189.474231,wallet_9,0x37c94ea1b44e01b18a1ce3ab6f8002bd6b9d7e6d,0x850e0d86e9428db9b2eee7ced9a1ef3f125f6a904976a04bf1f6f6295878b281,1774217761,2026-03-22 22:16:01,BUY,Up,0.4399999845614021,17.861092,7.8588802042497825,"Bitcoin Up or Down - March 22, 6:15PM-6:20PM ET"
28265,1774219189.474231,wallet_9,0x37c94ea1b44e01b18a1ce3ab6f8002bd6b9d7e6d,0xa2b50309a3cf09943dbfd592816ce919beae0cfa3d4f4099f05886cfaa67377d,1774217759,2026-03-22 22:15:59,BUY,Up,0.3843009058159685,24.861704,9.554375367328486,"Bitcoin Up or Down - March 22, 6:15PM-6:20PM ET"
28266,1774219189.474231,wallet_9,0x37c94ea1b44e01b18a1ce3ab6f8002bd6b9d7e6d,0x060584c3c6a7a7a1b705e5bbb9500992bab2f9f9791640803f1f2a9755f0d029,1774217755,2026-03-22 22:15:55,BUY,Up,0.369999984764705,27.193096,10.061445105705161,"Bitcoin Up or Down - March 22, 6:15PM-6:20PM ET"
28267,1774219189.474231,wallet_9,0x37c94ea1b44e01b18a1ce3ab6f8002bd6b9d7e6d,0xa8b27db54b390c0bab11fa70f3800510248a73d71bfc5bc9d6b3b6cf59ab13cd,1774217743,2026-03-22 22:15:43,SELL,Up,0.37,23.88,8.8356,"Bitcoin Up or Down - March 22, 6:15PM-6:20PM ET"
28268,1774219189.474231,wallet_9,0x37c94ea1b44e01b18a1ce3ab6f8002bd6b9d7e6d,0x9e4361707d23fcdf6f8f356ecdf633d3f2baddcdc8860def96d9869a586084ab,1774217741,2026-03-22 22:15:41,SELL,Up,0.43,16.14,6.9402,"Bitcoin Up or Down - March 22, 6:15PM-6:20PM ET"
28269,1774219189.474231,wallet_9,0x37c94ea1b44e01b18a1ce3ab6f8002bd6b9d7e6d,0xe15ab9d38e6d74511929f228bbc72297fa15e40fe2b5e12b96d9a00f1b8d6d3d,1774217739,2026-03-22 22:15:39,BUY,Up,0.43999997529824414,19.136877,8.420225407285535,"Bitcoin Up or Down - March 22, 6:15PM-6:20PM ET"
28270,1774219189.474231,wallet_9,0x37c94ea1b44e01b18a1ce3ab6f8002bd6b9d7e6d,0x8f8696ea3e6f5ef8faa184d51ee85faf05d57731421c129a80292691f67fafdb,1774217733,2026-03-22 22:15:33,BUY,Up,0.4099999906818177,32.781621,13.44046430453488,"Bitcoin Up or Down - March 22, 6:15PM-6:20PM ET"
28271,1774219189.474231,wallet_9,0x37c94ea1b44e01b18a1ce3ab6f8002bd6b9d7e6d,0xbd3283e83ec3226bcf45e0c4beb6454b7f7fc21f9be90a5eedb84e399357196b,1774217731,2026-03-22 22:15:31,SELL,Up,0.39,30.57,11.9223,"Bitcoin Up or Down - March 22, 6:15PM-6:20PM ET"
28272,1774219189.474231,wallet_9,0x37c94ea1b44e01b18a1ce3ab6f8002bd6b9d7e6d,0xb3f8fd5b2f439c5ec938ef8c1e20cdd31f1afeeb0c6e763598049b13a219aba0,1774217729,2026-03-22 22:15:29,BUY,Up,0.42,31.03269,13.0337298,"Bitcoin Up or Down - March 22, 6:15PM-6:20PM ET"
28273,1774219189.474231,wallet_9,0x37c94ea1b44e01b18a1ce3ab6f8002bd6b9d7e6d,0x47885ccaf8bba1da37fa1ecdf0f116746fafe732f82acf0f7ad7e7716b03b16d,1774217727,2026-03-22 22:15:27,SELL,Up,0.37,79.49,29.411299999999997,"Bitcoin Up or Down - March 22, 6:15PM-6:20PM ET"
28274,1774219189.474231,wallet_9,0x37c94ea1b44e01b18a1ce3ab6f8002bd6b9d7e6d,0xc27e9acbf9639990052b2172322f41dde573026acfb00e686ba71d70a0413ac4,1774217723,2026-03-22 22:15:23,SELL,Up,0.45,42.99,19.3455,"Bitcoin Up or Down - March 22, 6:15PM-6:20PM ET"
28275,1774219189.474231,wallet_9,0x37c94ea1b44e01b18a1ce3ab6f8002bd6b9d7e6d,0x8298c668fc827ac14e063098bc70290b21b11302b53d71b3f6891536c61b0acc,1774217723,2026-03-22 22:15:23,BUY,Up,0.43999998599469414,25.314404,11.138337405464029,"Bitcoin Up or Down - March 22, 6:15PM-6:20PM ET"
28276,1774219189.474231,wallet_9,0x37c94ea1b44e01b18a1ce3ab6f8002bd6b9d7e6d,0xacd91f940f02560b88bed01efadca7ba8c6cf1214f3d71a72694470ac145551f,1774217721,2026-03-22 22:15:21,SELL,Up,0.45,12.42,5.589,"Bitcoin Up or Down - March 22, 6:15PM-6:20PM ET"
28277,1774219189.474231,wallet_9,0x37c94ea1b44e01b18a1ce3ab6f8002bd6b9d7e6d,0x5294981a0bceb9479dcc5d22bfc43822a2e6a7a526ca017685b35173864e2148,1774217719,2026-03-22 22:15:19,BUY,Up,0.47999997795918187,16.078941999999998,7.717891805606962,"Bitcoin Up or Down - March 22, 6:15PM-6:20PM ET"
28278,1774219189.474231,wallet_9,0x37c94ea1b44e01b18a1ce3ab6f8002bd6b9d7e6d,0x0eb1faebe4ce460890c90bb40736097f3e30daf1548ade5318699bc07667c453,1774217715,2026-03-22 22:15:15,BUY,Up,0.3899999934413452,61.628319,24.03504400580113,"Bitcoin Up or Down - March 22, 6:15PM-6:20PM ET"
28279,1774219189.474231,wallet_9,0x37c94ea1b44e01b18a1ce3ab6f8002bd6b9d7e6d,0x263b77c3c7846fd7a62a870f9c12c909300fcac2011171dc472b543b078419d8,1774217713,2026-03-22 22:15:13,SELL,Up,0.39,17.86,6.9654,"Bitcoin Up or Down - March 22, 6:15PM-6:20PM ET"
28280,1774219189.474231,wallet_9,0x37c94ea1b44e01b18a1ce3ab6f8002bd6b9d7e6d,0x9884a8ba894488f78f0e91f416c194df676604cee033971eea3fc86efa396f1e,1774217711,2026-03-22 22:15:11,SELL,Up,0.445949210281821,32.29,14.3997,"Bitcoin Up or Down - March 22, 6:15PM-6:20PM ET"
28281,1774219189.474231,wallet_9,0x37c94ea1b44e01b18a1ce3ab6f8002bd6b9d7e6d,0x7a5d10706939d3c3a82f3a12bc20f9e77cb7161b8a582f52c2e6baeeb785aecc,1774217703,2026-03-22 22:15:03,,,0.0,797.944154,0.0,"Bitcoin Up or Down - March 22, 6:05PM-6:10PM ET"
28282,1774219189.474231,wallet_9,0x37c94ea1b44e01b18a1ce3ab6f8002bd6b9d7e6d,0x9a3c0d32a5f5370625578778f8f0199142a36a22fefea2dedb18bf94ff81654d,1774217615,2026-03-22 22:13:35,,,0.5,1000.0,500.0,"Bitcoin Up or Down - March 22, 6:15PM-6:20PM ET"
28283,1774219189.474231,wallet_9,0x37c94ea1b44e01b18a1ce3ab6f8002bd6b9d7e6d,0x5f02be379a7a4bf216f228ed2de2e1ab31f73ae3f212c969df9716b989eea15d,1774217531,2026-03-22 22:12:11,SELL,Up,0.06793404461687681,10.31,0.7004,"Bitcoin Up or Down - March 22, 6:10PM-6:15PM ET"
28284,1774219189.474231,wallet_9,0x37c94ea1b44e01b18a1ce3ab6f8002bd6b9d7e6d,0x65f678726ebd26be4cfff3c3f620597520eb7740329259a1b95595421bdf4264,1774217527,2026-03-22 22:12:07,BUY,Up,0.08999997809384055,37.825357,3.4042813013916984,"Bitcoin Up or Down - March 22, 6:10PM-6:15PM ET"
28285,1774219189.474231,wallet_9,0x37c94ea1b44e01b18a1ce3ab6f8002bd6b9d7e6d,0x6d5f304b4d06f2a83b38f0643b18e560772e6b324499d69cea3bc3167b8ecb3f,1774217503,2026-03-22 22:11:43,SELL,Up,0.08,5.0,0.4,"Bitcoin Up or Down - March 22, 6:10PM-6:15PM ET"
28286,1774219189.474231,wallet_9,0x37c94ea1b44e01b18a1ce3ab6f8002bd6b9d7e6d,0x3efa0d9ce3cef3a97cee557b703ab749de646789a8da1cd92eb8e53441a94580,1774217499,2026-03-22 22:11:39,SELL,Up,0.14,10.31,1.4434000000000002,"Bitcoin Up or Down - March 22, 6:10PM-6:15PM ET"
28287,1774219189.474231,wallet_9,0x37c94ea1b44e01b18a1ce3ab6f8002bd6b9d7e6d,0xb5d26457d0c980b0e1d7d8b985118bf1d263d4d52eb87b661bc6f9c0c52b630c,1774217491,2026-03-22 22:11:31,BUY,Up,0.14999994815667606,14.407875,2.161180503047869,"Bitcoin Up or Down - March 22, 6:10PM-6:15PM ET"
28288,1774219189.474231,wallet_9,0x37c94ea1b44e01b18a1ce3ab6f8002bd6b9d7e6d,0x4e6a1b7fba44ed075fcd8d3b5eba6f1e9053d4a907b021f361377b3cafcec5d7,1774217481,2026-03-22 22:11:21,BUY,Up,0.18999993857757957,12.138225,2.306262004440841,"Bitcoin Up or Down - March 22, 6:10PM-6:15PM ET"
28289,1774219189.474231,wallet_9,0x37c94ea1b44e01b18a1ce3ab6f8002bd6b9d7e6d,0x549f7565d0652f2ea8b49edd8ed75a4fd1cdcc6e326ef43dc4f6d6b60688fe45,1774217479,2026-03-22 22:11:19,SELL,Up,0.23,7.64,1.7572,"Bitcoin Up or Down - March 22, 6:10PM-6:15PM ET"
28290,1774219189.474231,wallet_9,0x37c94ea1b44e01b18a1ce3ab6f8002bd6b9d7e6d,0x40a884429669b215166d5e74a1ad8e26805ac1dfee5fc0f58528b099e67cb731,1774217473,2026-03-22 22:11:13,SELL,Up,0.25851162790697674,6.45,1.6674,"Bitcoin Up or Down - March 22, 6:10PM-6:15PM ET"
28291,1774219189.474231,wallet_9,0x37c94ea1b44e01b18a1ce3ab6f8002bd6b9d7e6d,0xd4b7f5d67cbbd6fb0ad6da6c2d59fe4b119d29cbc6d7cbac9e62afc7285cbf6c,1774217471,2026-03-22 22:11:11,BUY,Up,0.2999999302325419,7.087655,2.1262960055123266,"Bitcoin Up or Down - March 22, 6:10PM-6:15PM ET"
28292,1774219189.474231,wallet_9,0x37c94ea1b44e01b18a1ce3ab6f8002bd6b9d7e6d,0x2aef7aa27a847d43455aa4958d53539d74a21910e6e69dd476e11940fd026083,1774217469,2026-03-22 22:11:09,BUY,Up,0.2773980189799417,18.414587,5.108169954133788,"Bitcoin Up or Down - March 22, 6:10PM-6:15PM ET"
28293,1774219189.474231,wallet_9,0x37c94ea1b44e01b18a1ce3ab6f8002bd6b9d7e6d,0x4dd6c6d81f8919b785b64d80a2f95f5a49efd4963e6317c7304e8e47a7ac4372,1774217467,2026-03-22 22:11:07,SELL,Up,0.3,5.0,1.5,"Bitcoin Up or Down - March 22, 6:10PM-6:15PM ET"
28294,1774219189.474231,wallet_9,0x37c94ea1b44e01b18a1ce3ab6f8002bd6b9d7e6d,0xb6d4fbb9efe1646c406040407e9c547608b7602a6834c3ede2df4837f80a20f6,1774217463,2026-03-22 22:11:03,SELL,Up,0.3,9.55,2.865,"Bitcoin Up or Down - March 22, 6:10PM-6:15PM ET"
28295,1774219189.474231,wallet_9,0x37c94ea1b44e01b18a1ce3ab6f8002bd6b9d7e6d,0xf41899a7cf49befd93deb9d4a8e8712c65bb1b0b4b857f3f249e61aae8654411,1774217461,2026-03-22 22:11:01,BUY,Up,0.3499999577294635,11.675519999999999,4.086431506469506,"Bitcoin Up or Down - March 22, 6:10PM-6:15PM ET"
28296,1774219189.474231,wallet_9,0x37c94ea1b44e01b18a1ce3ab6f8002bd6b9d7e6d,0xa8feb652ce84afbf084e072bfd83fc7360c99fe56be7f64b94130e29422882b8,1774217455,2026-03-22 22:10:55,SELL,Down,0.71,5.0,3.55,"Bitcoin Up or Down - March 22, 6:10PM-6:15PM ET"
28297,1774219189.474231,wallet_9,0x37c94ea1b44e01b18a1ce3ab6f8002bd6b9d7e6d,0x8eea7c35e58eab2d8c83deb1f63df9996cb78c14ca44de0ad1bf79c3f192e38f,1774217453,2026-03-22 22:10:53,SELL,Up,0.28,12.38,3.4664000000000006,"Bitcoin Up or Down - March 22, 6:10PM-6:15PM ET"
28298,1774219189.474231,wallet_9,0x37c94ea1b44e01b18a1ce3ab6f8002bd6b9d7e6d,0x6e8e3b2ff0c0cf4e54e1d727688e7f4f14e9b46985aaa71126152b89d755e1e1,1774217451,2026-03-22 22:10:51,SELL,Up,0.3,11.0,3.3,"Bitcoin Up or Down - March 22, 6:10PM-6:15PM ET"
28299,1774219189.474231,wallet_9,0x37c94ea1b44e01b18a1ce3ab6f8002bd6b9d7e6d,0xc51e4a7a27a1d269b8729d5e3eeeb87bfd606fea21d12ffd4d32899fc7452963,1774217449,2026-03-22 22:10:49,SELL,Up,0.36,5.0,1.7999999999999998,"Bitcoin Up or Down - March 22, 6:10PM-6:15PM ET"
28300,1774219189.474231,wallet_9,0x37c94ea1b44e01b18a1ce3ab6f8002bd6b9d7e6d,0x535ba7992f84f58007ffa957083036fc06fa5bbce166f8542aea4c154fdb9fb7,1774217443,2026-03-22 22:10:43,BUY,Up,0.41511225739516744,27.152668,11.271405307781526,"Bitcoin Up or Down - March 22, 6:10PM-6:15PM ET"
28301,1774219189.474231,wallet_9,0x37c94ea1b44e01b18a1ce3ab6f8002bd6b9d7e6d,0xfc92da98f30a719291da37c06bbf0559945023f790c9ea6fec64e18e19d22d5d,1774217441,2026-03-22 22:10:41,SELL,Up,0.4,5.0,2.0,"Bitcoin Up or Down - March 22, 6:10PM-6:15PM ET"
28302,1774219189.474231,wallet_9,0x37c94ea1b44e01b18a1ce3ab6f8002bd6b9d7e6d,0xa543b7317dcea0e5a871c254eab8aff01de929fe24f76f5d1b36da3aa0057d7c,1774217439,2026-03-22 22:10:39,BUY,Up,0.35999996332767153,16.14399,5.811835807962296,"Bitcoin Up or Down - March 22, 6:10PM-6:15PM ET"
28303,1774219189.474231,wallet_9,0x37c94ea1b44e01b18a1ce3ab6f8002bd6b9d7e6d,0x6fb245c3430e542583a263af08ed92a003c94c42026c675c0150a4d48b98c9f9,1774217439,2026-03-22 22:10:39,BUY,Up,0.34999996162280284,12.86,4.5009995064692445,"Bitcoin Up or Down - March 22, 6:10PM-6:15PM ET"
28304,1774219189.474231,wallet_9,0x37c94ea1b44e01b18a1ce3ab6f8002bd6b9d7e6d,0xb10357142884b7e31e59fff055e70c3b3ef9539a1ffb7b30048316ab9914a68c,1774217437,2026-03-22 22:10:37,SELL,Up,0.35355411954765753,30.95,10.9425,"Bitcoin Up or Down - March 22, 6:10PM-6:15PM ET"
28305,1774219189.474231,wallet_9,0x37c94ea1b44e01b18a1ce3ab6f8002bd6b9d7e6d,0x1648f833639d1e33a530a2bbb18c3300458dd3bd6ef2c825cf51c8cbb985a64c,1774217437,2026-03-22 22:10:37,SELL,Up,0.33,23.21,7.659300000000001,"Bitcoin Up or Down - March 22, 6:10PM-6:15PM ET"
28306,1774219189.474231,wallet_9,0x37c94ea1b44e01b18a1ce3ab6f8002bd6b9d7e6d,0x05d1dd8e8beac64fb003afdb514aa4ecc0b9a2a1c222d1aa65618f579d41f424,1774217433,2026-03-22 22:10:33,SELL,Up,0.4,16.14,6.456,"Bitcoin Up or Down - March 22, 6:10PM-6:15PM ET"
28307,1774219189.474231,wallet_9,0x37c94ea1b44e01b18a1ce3ab6f8002bd6b9d7e6d,0x5a77a7096754bb9ac4faee269e28b848c1ea6d9f28a6ef7835330de42871b1cb,1774217431,2026-03-22 22:10:31,SELL,Up,0.46,25.79,11.8634,"Bitcoin Up or Down - March 22, 6:10PM-6:15PM ET"
28308,1774219189.474231,wallet_9,0x37c94ea1b44e01b18a1ce3ab6f8002bd6b9d7e6d,0x8d4fb4ab8038ac62559154925077c7ca0cfbb0f89465b47702c3da0f9d7cc575,1774217427,2026-03-22 22:10:27,SELL,Up,0.4,25.79,10.316,"Bitcoin Up or Down - March 22, 6:10PM-6:15PM ET"
28309,1774219189.474231,wallet_9,0x37c94ea1b44e01b18a1ce3ab6f8002bd6b9d7e6d,0x3c1f1408c5c889905dd1278a628e30c289d383e536ba876c0dfc39e947fdc465,1774217427,2026-03-22 22:10:27,BUY,Up,0.4599999788505708,9.310649999999999,4.282898803085066,"Bitcoin Up or Down - March 22, 6:10PM-6:15PM ET"
28310,1774219189.474231,wallet_9,0x37c94ea1b44e01b18a1ce3ab6f8002bd6b9d7e6d,0x59209701ffa63aae5c22b0db1fd5f6034fb86a6092c250635cc2acf3c511612c,1774217427,2026-03-22 22:10:27,BUY,Up,0.4199999821818162,15.481164,6.502088604153775,"Bitcoin Up or Down - March 22, 6:10PM-6:15PM ET"
28311,1774219189.474231,wallet_9,0x37c94ea1b44e01b18a1ce3ab6f8002bd6b9d7e6d,0xacec212238bd609f925b5acd9587ddac91f0f7b5240e178c6d390ae59771f1cb,1774217425,2026-03-22 22:10:25,BUY,Down,0.5399999861538443,11.377304,6.143744002468077,"Bitcoin Up or Down - March 22, 6:10PM-6:15PM ET"
28312,1774219189.474231,wallet_9,0x37c94ea1b44e01b18a1ce3ab6f8002bd6b9d7e6d,0x98c83771abb06b334c883895235d7cd349366ced43510195997b52e7e040a293,1774217421,2026-03-22 22:10:21,BUY,Down,0.4899999642275008,11.832747000000001,5.798045606713068,"Bitcoin Up or Down - March 22, 6:10PM-6:15PM ET"
28313,1774219189.474231,wallet_9,0x37c94ea1b44e01b18a1ce3ab6f8002bd6b9d7e6d,0x659f2bb3563d4887fe8feaca9dcb222b7074fead7284dc98bbf729d4bd029577,1774217421,2026-03-22 22:10:21,SELL,Down,0.48,10.74,5.1552,"Bitcoin Up or Down - March 22, 6:10PM-6:15PM ET"
28314,1774219189.474231,wallet_9,0x37c94ea1b44e01b18a1ce3ab6f8002bd6b9d7e6d,0x6661d589dbc4bad07457d048e91e491a95721faf73289ffada47bc1a68438b29,1774217413,2026-03-22 22:10:13,BUY,Up,0.43999996787017837,11.034484,4.855172605463998,"Bitcoin Up or Down - March 22, 6:10PM-6:15PM ET"
28315,1774219189.474231,wallet_9,0x37c94ea1b44e01b18a1ce3ab6f8002bd6b9d7e6d,0x92eda6a27abbe6465b5800f57ceb067bd1ec9d1bdd9d04298a4fc0b3cd69aecf,1774217411,2026-03-22 22:10:11,BUY,Up,0.4299998930143295,4.7874740000000005,2.0586133078088844,"Bitcoin Up or Down - March 22, 6:10PM-6:15PM ET"
28316,1774219189.474231,wallet_9,0x37c94ea1b44e01b18a1ce3ab6f8002bd6b9d7e6d,0xe4e019081976696bb2a57071082ff48be7bb36839af751f7d67342ca049f1547,1774217409,2026-03-22 22:10:09,SELL,Up,0.39,12.42,4.8438,"Bitcoin Up or Down - March 22, 6:10PM-6:15PM ET"
28317,1774219189.474231,wallet_9,0x37c94ea1b44e01b18a1ce3ab6f8002bd6b9d7e6d,0x39beea90533746a0dabad5ca549910e0b68b445af40dda7ccd68638fbebe9567,1774217403,2026-03-22 22:10:03,,,0.0,1341.575524,0.0,"Bitcoin Up or Down - March 22, 6:00PM-6:05PM ET"
28318,1774219189.474231,wallet_9,0x37c94ea1b44e01b18a1ce3ab6f8002bd6b9d7e6d,0x1c75d55793fd4c2cda2d7362137d8870a3e70788e198c6571ab2fcef329960b2,1774217343,2026-03-22 22:09:03,SELL,Up,0.94,10.31,9.6914,"Bitcoin Up or Down - March 22, 6:05PM-6:10PM ET"
28319,1774219189.474231,wallet_9,0x37c94ea1b44e01b18a1ce3ab6f8002bd6b9d7e6d,0xb969e1ba6d4bac5c611bdce2015ae29f9818aa41710807b63964c18d5309c999,1774217337,2026-03-22 22:08:57,SELL,Down,0.06,6.2,0.372,"Bitcoin Up or Down - March 22, 6:05PM-6:10PM ET"
28320,1774219189.474231,wallet_9,0x37c94ea1b44e01b18a1ce3ab6f8002bd6b9d7e6d,0xfcb514d47f32357c887a1a8558a35f246fc3b80881d9a0a44c0ed1183fc41105,1774217327,2026-03-22 22:08:47,SELL,Up,0.92,11.46,10.5432,"Bitcoin Up or Down - March 22, 6:05PM-6:10PM ET"
28321,1774219189.474231,wallet_9,0x37c94ea1b44e01b18a1ce3ab6f8002bd6b9d7e6d,0x6747a4af0f4843124b7584435a0871feed45ae2493584ddc2dacc56f639f1c6e,1774217319,2026-03-22 22:08:39,SELL,Down,0.07,10.74,0.7518000000000001,"Bitcoin Up or Down - March 22, 6:05PM-6:10PM ET"
28322,1774219189.474231,wallet_9,0x37c94ea1b44e01b18a1ce3ab6f8002bd6b9d7e6d,0x1892676f2da0da3731c7287e1130e57ba316f097ce2cc2598ab27317a3bf5b8a,1774217317,2026-03-22 22:08:37,SELL,Down,0.09,9.94,0.8946,"Bitcoin Up or Down - March 22, 6:05PM-6:10PM ET"
28323,1774219189.474231,wallet_9,0x37c94ea1b44e01b18a1ce3ab6f8002bd6b9d7e6d,0x0f081b717dcb5441f13b20767ab00cc32ea46bf156edfd6cf010baea0de9fc7b,1774217315,2026-03-22 22:08:35,,,0.5,1000.0,500.0,"Bitcoin Up or Down - March 22, 6:10PM-6:15PM ET"
28324,1774219189.474231,wallet_9,0x37c94ea1b44e01b18a1ce3ab6f8002bd6b9d7e6d,0x41f2ae5faa9ea266a66a72ef9cd645f2d42d3f2b4e54ab919133edb5d748ef7a,1774217313,2026-03-22 22:08:33,SELL,Up,0.91,5.0,4.55,"Bitcoin Up or Down - March 22, 6:05PM-6:10PM ET"
28325,1774219189.474231,wallet_9,0x37c94ea1b44e01b18a1ce3ab6f8002bd6b9d7e6d,0xeaa904cbb36d3679972caacd6213a79c202d1afe8f96d672105cfca4b860fd05,1774217307,2026-03-22 22:08:27,SELL,Down,0.1,44.55,4.455,"Bitcoin Up or Down - March 22, 6:05PM-6:10PM ET"
28326,1774219189.474231,wallet_9,0x37c94ea1b44e01b18a1ce3ab6f8002bd6b9d7e6d,0xd2a11097f9d7d16bc28e495cacbb7f95186fd98bf4e34cfb54f73d250ae4a963,1774217301,2026-03-22 22:08:21,SELL,Down,0.18,34.9,6.281999999999999,"Bitcoin Up or Down - March 22, 6:05PM-6:10PM ET"
28327,1774219189.474231,wallet_9,0x37c94ea1b44e01b18a1ce3ab6f8002bd6b9d7e6d,0xa5f6e9a874d32c28786ea193f7df59e1fbb323fa7be86b6bed498b5919f5cb36,1774217301,2026-03-22 22:08:21,BUY,Down,0.14,15.44383,2.1621362000000004,"Bitcoin Up or Down - March 22, 6:05PM-6:10PM ET"
28328,1774219189.474231,wallet_9,0x37c94ea1b44e01b18a1ce3ab6f8002bd6b9d7e6d,0xcf9c2895934a26db418785b31db0aa528d76869512298937f09654fd358ea714,1774217299,2026-03-22 22:08:19,SELL,Down,0.13919553072625698,26.85,3.7374,"Bitcoin Up or Down - March 22, 6:05PM-6:10PM ET"
28329,1774219189.474231,wallet_9,0x37c94ea1b44e01b18a1ce3ab6f8002bd6b9d7e6d,0x539de50b6cd6d87297cc01135991cb92ab4989281728b5ffef351a5585589c9a,1774217297,2026-03-22 22:08:17,BUY,Down,0.12999997271604838,31.054225,4.037048402718027,"Bitcoin Up or Down - March 22, 6:05PM-6:10PM ET"
28330,1774219189.474231,wallet_9,0x37c94ea1b44e01b18a1ce3ab6f8002bd6b9d7e6d,0x218ded924fa2ff8f25604e7318ff4e0ca163b461dfe9f9cbda919a2edb75de8a,1774217295,2026-03-22 22:08:15,BUY,Down,0.11287378913379194,35.52573,4.009923756844026,"Bitcoin Up or Down - March 22, 6:05PM-6:10PM ET"
28331,1774219189.474231,wallet_9,0x37c94ea1b44e01b18a1ce3ab6f8002bd6b9d7e6d,0x2960bd6441b56bb9815044589dd02e77f07f7ae1788fca6b80e54cfaa646d9c1,1774217291,2026-03-22 22:08:11,BUY,Down,0.09,33.94299,3.0548691,"Bitcoin Up or Down - March 22, 6:05PM-6:10PM ET"
28332,1774219189.474231,wallet_9,0x37c94ea1b44e01b18a1ce3ab6f8002bd6b9d7e6d,0xac1b2a76151356e021b6392f8a8d25d44c0a8887d131e6844b952db50cf10201,1774217285,2026-03-22 22:08:05,SELL,Down,0.12,26.85,3.222,"Bitcoin Up or Down - March 22, 6:05PM-6:10PM ET"
28333,1774219189.474231,wallet_9,0x37c94ea1b44e01b18a1ce3ab6f8002bd6b9d7e6d,0x40c89f00dbb9cadcdbe5a06331b07b84e86d913a9c0194550eb65aa070e291ba,1774217283,2026-03-22 22:08:03,SELL,Down,0.13,11.93,1.5509,"Bitcoin Up or Down - March 22, 6:05PM-6:10PM ET"
28334,1774219189.474231,wallet_9,0x37c94ea1b44e01b18a1ce3ab6f8002bd6b9d7e6d,0xca5a1dfc8047f5663ad3b4f7594831921ffaf9f22380457078ab34d9c89345cc,1774217275,2026-03-22 22:07:55,BUY,Down,0.2,42.62544,8.525088,"Bitcoin Up or Down - March 22, 6:05PM-6:10PM ET"
28335,1774219189.474231,wallet_9,0x37c94ea1b44e01b18a1ce3ab6f8002bd6b9d7e6d,0x8221ff4c9e685802764994f908db4e3d7d91282d419b5ef4454ca7046944d369,1774217273,2026-03-22 22:07:53,BUY,Down,0.17999996092104825,16.796907,3.023442603594482,"Bitcoin Up or Down - March 22, 6:05PM-6:10PM ET"
28336,1774219189.474231,wallet_9,0x37c94ea1b44e01b18a1ce3ab6f8002bd6b9d7e6d,0xbdc8ec0346bda04a201d7bd1b736b706999e44ad0327ee0662578af3688b1e74,1774217269,2026-03-22 22:07:49,SELL,Down,0.1608774834437086,36.24,5.8302000000000005,"Bitcoin Up or Down - March 22, 6:05PM-6:10PM ET"
28337,1774219189.474231,wallet_9,0x37c94ea1b44e01b18a1ce3ab6f8002bd6b9d7e6d,0x718b263d4593743d9f6231143c3017404cc54c0a929c4cbd415efddac40e2990,1774217269,2026-03-22 22:07:49,BUY,Down,0.17864448902344715,39.696844999999996,7.091622590867982,"Bitcoin Up or Down - March 22, 6:05PM-6:10PM ET"
28338,1774219189.474231,wallet_9,0x37c94ea1b44e01b18a1ce3ab6f8002bd6b9d7e6d,0xf1582f8f94337a257b3e282c2a269c00d63a856b756734e015e06a8ff04516d3,1774217267,2026-03-22 22:07:47,SELL,Down,0.15,17.45,2.6174999999999997,"Bitcoin Up or Down - March 22, 6:05PM-6:10PM ET"
28339,1774219189.474231,wallet_9,0x37c94ea1b44e01b18a1ce3ab6f8002bd6b9d7e6d,0xec900922e9a77b864eb55d8ff1c4254d85cfce41d2c5a8167e429d1b7f1c8d9d,1774217263,2026-03-22 22:07:43,BUY,Down,0.17999997058064365,25.692642,4.624674804139009,"Bitcoin Up or Down - March 22, 6:05PM-6:10PM ET"
28340,1774219189.474231,wallet_9,0x37c94ea1b44e01b18a1ce3ab6f8002bd6b9d7e6d,0xb30266b320f040e28113dcaa1e4dbdbca0d7b0e186767df69c23ca772124fea9,1774217261,2026-03-22 22:07:41,BUY,Down,0.17164825884712046,21.562691,3.701198366208475,"Bitcoin Up or Down - March 22, 6:05PM-6:10PM ET"
28341,1774219189.474231,wallet_9,0x37c94ea1b44e01b18a1ce3ab6f8002bd6b9d7e6d,0xa6157523fac1cf5554a74ef591b3541d820dafa09d035d7049bd30a3142e8b63,1774217259,2026-03-22 22:07:39,SELL,Down,0.17,47.12,8.0104,"Bitcoin Up or Down - March 22, 6:05PM-6:10PM ET"
28342,1774219189.474231,wallet_9,0x37c94ea1b44e01b18a1ce3ab6f8002bd6b9d7e6d,0x232ac8e5170a5825683c93f214f23928f7c5148ac651f5b3e26e4be9df303d38,1774217259,2026-03-22 22:07:39,BUY,Down,0.17999998189655095,38.456075,6.922092803812405,"Bitcoin Up or Down - March 22, 6:05PM-6:10PM ET"
28343,1774219189.474231,wallet_9,0x37c94ea1b44e01b18a1ce3ab6f8002bd6b9d7e6d,0x9e05b0070608cdab16711b8a5d7ca94eeab2599df3a9d2184550e92ab6ebf526,1774217257,2026-03-22 22:07:37,SELL,Down,0.15,47.12,7.068,"Bitcoin Up or Down - March 22, 6:05PM-6:10PM ET"
28344,1774219189.474231,wallet_9,0x37c94ea1b44e01b18a1ce3ab6f8002bd6b9d7e6d,0x40ad235eb023d341b4a9a5c27d4f5a9a2fa5b4b8998c04bd0b6e3fc6d5020259,1774217251,2026-03-22 22:07:31,SELL,Down,0.21413210826918302,40.27,8.6231,"Bitcoin Up or Down - March 22, 6:05PM-6:10PM ET"
28345,1774219189.474231,wallet_9,0x37c94ea1b44e01b18a1ce3ab6f8002bd6b9d7e6d,0x1256481457aad92716403ce83cdab384243b8fa0de0a16c2d5bfcc52d1b60cd3,1774217247,2026-03-22 22:07:27,SELL,Down,0.22233822160148975,85.92,19.1033,"Bitcoin Up or Down - March 22, 6:05PM-6:10PM ET"
28346,1774219189.474231,wallet_9,0x37c94ea1b44e01b18a1ce3ab6f8002bd6b9d7e6d,0xed6b81f085cfe889194cb6c0fa9b6e5bf4e77b6ba798b72aecc8ad774c39417f,1774217247,2026-03-22 22:07:27,BUY,Down,0.26,32.69461,8.5005986,"Bitcoin Up or Down - March 22, 6:05PM-6:10PM ET"
28347,1774219189.474231,wallet_9,0x37c94ea1b44e01b18a1ce3ab6f8002bd6b9d7e6d,0xf6168a930188a2a1d115ddfeda88f8426060018c25ce2d95017ac20f8a70239b,1774217245,2026-03-22 22:07:25,BUY,Down,0.25,16.57305,4.1432625,"Bitcoin Up or Down - March 22, 6:05PM-6:10PM ET"
28348,1774219189.474231,wallet_9,0x37c94ea1b44e01b18a1ce3ab6f8002bd6b9d7e6d,0xe2de0c3962ab8a54e64016373fb744ef5fcb0451c6b12f7421dd0bc3ec04659f,1774217245,2026-03-22 22:07:25,SELL,Down,0.23029799426934097,17.45,4.0187,"Bitcoin Up or Down - March 22, 6:05PM-6:10PM ET"
28349,1774219189.474231,wallet_9,0x37c94ea1b44e01b18a1ce3ab6f8002bd6b9d7e6d,0xa1d147e8615d5ddbc6ba23687be0b69d854a4cfba9e591eea0116d10936d7311,1774217243,2026-03-22 22:07:23,SELL,Down,0.26,17.45,4.537,"Bitcoin Up or Down - March 22, 6:05PM-6:10PM ET"
28350,1774219189.474231,wallet_9,0x37c94ea1b44e01b18a1ce3ab6f8002bd6b9d7e6d,0x5c3214b3032bc5642bab5fd12df83aed0ec00f13787f8183f397cbc85d711bb9,1774217241,2026-03-22 22:07:21,SELL,Down,0.28,10.74,3.0072000000000005,"Bitcoin Up or Down - March 22, 6:05PM-6:10PM ET"
28351,1774219189.474231,wallet_9,0x37c94ea1b44e01b18a1ce3ab6f8002bd6b9d7e6d,0xb50bc9223f15985d23da940734bafa8d56b6b4feec532c00079bec2a3bfd0ff0,1774217241,2026-03-22 22:07:21,SELL,Down,0.3,19.33,5.7989999999999995,"Bitcoin Up or Down - March 22, 6:05PM-6:10PM ET"
28352,1774219189.474231,wallet_9,0x37c94ea1b44e01b18a1ce3ab6f8002bd6b9d7e6d,0x48c939df1f190455e17cef8293dee8f1387bfebf7905913146a4be134d275cdb,1774217239,2026-03-22 22:07:19,BUY,Down,0.30999996765217025,14.668988,4.547385805490074,"Bitcoin Up or Down - March 22, 6:05PM-6:10PM ET"
28353,1774219189.474231,wallet_9,0x37c94ea1b44e01b18a1ce3ab6f8002bd6b9d7e6d,0xb03d448d63225bed975cf3d6d2c6822b8eb111e76ef20c82c0b814951af7710c,1774217237,2026-03-22 22:07:17,BUY,Down,0.2671228109035995,46.939837,12.538701202796783,"Bitcoin Up or Down - March 22, 6:05PM-6:10PM ET"
28354,1774219189.474231,wallet_9,0x37c94ea1b44e01b18a1ce3ab6f8002bd6b9d7e6d,0xe9a280e6c6ccd988a270d718a260c31de1271ee2db366b97b0b954a6a93e75c5,1774217233,2026-03-22 22:07:13,SELL,Down,0.27,52.36,14.1372,"Bitcoin Up or Down - March 22, 6:05PM-6:10PM ET"
28355,1774219189.474231,wallet_9,0x37c94ea1b44e01b18a1ce3ab6f8002bd6b9d7e6d,0xa3e5643d85edd70f9faaf01b503fd3c4f0399095b58ce500057229b3140f4d8c,1774217233,2026-03-22 22:07:13,BUY,Down,0.27999998681383337,48.042563,13.45191700650276,"Bitcoin Up or Down - March 22, 6:05PM-6:10PM ET"
28356,1774219189.474231,wallet_9,0x37c94ea1b44e01b18a1ce3ab6f8002bd6b9d7e6d,0x297597533cb3f04baf19264462dd0684f2a658346eb60a2cec5fe8ec0ee4de17,1774217231,2026-03-22 22:07:11,SELL,Down,0.29,42.96,12.4584,"Bitcoin Up or Down - March 22, 6:05PM-6:10PM ET"
28357,1774219189.474231,wallet_9,0x37c94ea1b44e01b18a1ce3ab6f8002bd6b9d7e6d,0xb1f71abc79e6587979f5acc725f7156f69df830dd5fa1264eab0412d26fd4ecc,1774217229,2026-03-22 22:07:09,BUY,Down,0.32,17.41637,5.5732384,"Bitcoin Up or Down - March 22, 6:05PM-6:10PM ET"
28358,1774219189.474231,wallet_9,0x37c94ea1b44e01b18a1ce3ab6f8002bd6b9d7e6d,0x75f0969788d4ee0770810c9f9172490da038b4fc0fb23150025dad839b10d916,1774217225,2026-03-22 22:07:05,SELL,Down,0.3777148177706837,37.59,14.198300000000001,"Bitcoin Up or Down - March 22, 6:05PM-6:10PM ET"
28359,1774219189.474231,wallet_9,0x37c94ea1b44e01b18a1ce3ab6f8002bd6b9d7e6d,0x879a803dd16b6b891411478f1d30b7d0b1a77ebfce4f2bd92461fd66c6425e9d,1774217225,2026-03-22 22:07:05,BUY,Down,0.4299999909790199,16.378185,7.042619402252718,"Bitcoin Up or Down - March 22, 6:05PM-6:10PM ET"
28360,1774219189.474231,wallet_9,0x37c94ea1b44e01b18a1ce3ab6f8002bd6b9d7e6d,0x4e39a06ce6158910926e01cfd27d5a9b162a0bb91e391d11554e04005dc9685c,1774217223,2026-03-22 22:07:03,SELL,Down,0.39,19.33,7.5386999999999995,"Bitcoin Up or Down - March 22, 6:05PM-6:10PM ET"
28361,1774219189.474231,wallet_9,0x37c94ea1b44e01b18a1ce3ab6f8002bd6b9d7e6d,0xaac1f8c63b85f1a618f980b0872ab1125a953d681ca35335215624dcf3ad0cbf,1774217217,2026-03-22 22:06:57,BUY,Up,0.4699999618550645,7.226564,3.396484804343182,"Bitcoin Up or Down - March 22, 6:05PM-6:10PM ET"
28362,1774219189.474231,wallet_9,0x37c94ea1b44e01b18a1ce3ab6f8002bd6b9d7e6d,0x0d37807d922b4281fe5102fa754cfb492025a888ddcf29890c9c6685c66bbe3a,1774217215,2026-03-22 22:06:55,SELL,Up,0.4296664457698255,45.27,19.451,"Bitcoin Up or Down - March 22, 6:05PM-6:10PM ET"
28363,1774219189.474231,wallet_9,0x37c94ea1b44e01b18a1ce3ab6f8002bd6b9d7e6d,0x3dfbf28f0b002425d7cdde293a288a35823becaae2c139eafea255b018202e14,1774217209,2026-03-22 22:06:49,SELL,Up,0.5,41.27,20.635,"Bitcoin Up or Down - March 22, 6:05PM-6:10PM ET"
28364,1774219189.474231,wallet_9,0x37c94ea1b44e01b18a1ce3ab6f8002bd6b9d7e6d,0x47917bbe19891f3b053250ceb0a196cb50a752074298e79327aa3b713499b43a,1774217207,2026-03-22 22:06:47,SELL,Up,0.43,34.82,14.9726,"Bitcoin Up or Down - March 22, 6:05PM-6:10PM ET"
28365,1774219189.474231,wallet_9,0x37c94ea1b44e01b18a1ce3ab6f8002bd6b9d7e6d,0x81efef87475bb375a18df813b06dc6c0c6e30b916c96b0758c4659a21e236502,1774217207,2026-03-22 22:06:47,BUY,Up,0.4899999935807858,41.404543,20.28822580421537,"Bitcoin Up or Down - March 22, 6:05PM-6:10PM ET"
28366,1774219189.474231,wallet_9,0x37c94ea1b44e01b18a1ce3ab6f8002bd6b9d7e6d,0xa1ee6b07bd802966121494845e3f296034874abb5171f8d3c064e3a80f69868d,1774217205,2026-03-22 22:06:45,BUY,Down,0.5099999946234937,25.632684,13.072668702185712,"Bitcoin Up or Down - March 22, 6:05PM-6:10PM ET"
28367,1774219189.474231,wallet_9,0x37c94ea1b44e01b18a1ce3ab6f8002bd6b9d7e6d,0xa0d63af692e4c1544bd6fbd13d3624bb854d6dff2b2e08e1f48cc2658cc5d5fe,1774217203,2026-03-22 22:06:43,BUY,Down,0.40999998248181735,26.436787000000002,10.839082206875538,"Bitcoin Up or Down - March 22, 6:05PM-6:10PM ET"
28368,1774219189.474231,wallet_9,0x37c94ea1b44e01b18a1ce3ab6f8002bd6b9d7e6d,0x5f76bd12f390594e5bda2726271354292d1fdb16570ab2333290ffa1dd81da15,1774217201,2026-03-22 22:06:41,BUY,Down,0.399734381293476,22.634700000000002,9.047867800263441,"Bitcoin Up or Down - March 22, 6:05PM-6:10PM ET"
28369,1774219189.474231,wallet_9,0x37c94ea1b44e01b18a1ce3ab6f8002bd6b9d7e6d,0xb532adeb081b847a9ec0e0030e286c66c02c6e4704ffe12f08e0a90003146199,1774217199,2026-03-22 22:06:39,SELL,Down,0.38,16.11,6.1217999999999995,"Bitcoin Up or Down - March 22, 6:05PM-6:10PM ET"
28370,1774219189.474231,wallet_9,0x37c94ea1b44e01b18a1ce3ab6f8002bd6b9d7e6d,0x16856883e3df6d8ffb02a44d251b091649769972e0189d2a592a537cfe870a1f,1774217197,2026-03-22 22:06:37,BUY,Down,0.3299999554462201,13.080593,4.316595107210138,"Bitcoin Up or Down - March 22, 6:05PM-6:10PM ET"
28371,1774219189.474231,wallet_9,0x37c94ea1b44e01b18a1ce3ab6f8002bd6b9d7e6d,0x2f43ba0e723342768c91ae8c014425e0336927e15ee1ea90ab37d130602d3785,1774217189,2026-03-22 22:06:29,SELL,Down,0.33,26.85,8.8605,"Bitcoin Up or Down - March 22, 6:05PM-6:10PM ET"
28372,1774219189.474231,wallet_9,0x37c94ea1b44e01b18a1ce3ab6f8002bd6b9d7e6d,0x94be5e931b6dd204990eab81372bf6b57c6cbc59e7815a51f413e348097d6e88,1774217187,2026-03-22 22:06:27,SELL,Down,0.415730659025788,17.45,7.2545,"Bitcoin Up or Down - March 22, 6:05PM-6:10PM ET"
28373,1774219189.474231,wallet_9,0x37c94ea1b44e01b18a1ce3ab6f8002bd6b9d7e6d,0xaea939d5d7949bc9dff3646a973df84f0641885a22b01035696a515977a91f98,1774217187,2026-03-22 22:06:27,SELL,Down,0.36,36.24,13.0464,"Bitcoin Up or Down - March 22, 6:05PM-6:10PM ET"
28374,1774219189.474231,wallet_9,0x37c94ea1b44e01b18a1ce3ab6f8002bd6b9d7e6d,0xe2e2924ad6623fa808f7b27b92338839e99f1821392a3b7dbe3518d9b20e231e,1774217183,2026-03-22 22:06:23,BUY,Down,0.4099999560714235,10.766988,4.414464607021544,"Bitcoin Up or Down - March 22, 6:05PM-6:10PM ET"
28375,1774219189.474231,wallet_9,0x37c94ea1b44e01b18a1ce3ab6f8002bd6b9d7e6d,0xaa24559169c95248d871ed111cf4b2cb5736c15021c76a48b77c061b89e1c0c4,1774217183,2026-03-22 22:06:23,SELL,Down,0.4,5.0,2.0,"Bitcoin Up or Down - March 22, 6:05PM-6:10PM ET"
28376,1774219189.474231,wallet_9,0x37c94ea1b44e01b18a1ce3ab6f8002bd6b9d7e6d,0xcdc2da06ea2a7aa9452d649bc58887c39b81690e2592b92fdb5c2ef5b0f85797,1774217181,2026-03-22 22:06:21,BUY,Down,0.4099999953739522,74.551735,30.56621100512011,"Bitcoin Up or Down - March 22, 6:05PM-6:10PM ET"
28377,1774219189.474231,wallet_9,0x37c94ea1b44e01b18a1ce3ab6f8002bd6b9d7e6d,0x8cf9a72a6366e7155f2a436046673d88093e0404f23a3ef5a59027e6b45a2eea,1774217179,2026-03-22 22:06:19,SELL,Down,0.42124161907126895,40.27,16.9634,"Bitcoin Up or Down - March 22, 6:05PM-6:10PM ET"
