id,collected_at,wallet_name,wallet_addr,tx_hash,timestamp,time_utc,side,outcome,price,size,usdc,market
24501,1774219183.3600786,wallet_8,0xf539c942036cc7633a1e0015209a1343e9b2dda9,0x6cc3898e948720f2d009eba5aaaf7bb7431fee55519ddf2c78c28b8faa8eb5ea,1774046119,2026-03-20 22:35:19,,,0.0,0.48354,0.0,"Bitcoin Up or Down - March 17, 12:35AM-12:40AM ET"
24502,1774219183.3600786,wallet_8,0xf539c942036cc7633a1e0015209a1343e9b2dda9,0x6cc3898e948720f2d009eba5aaaf7bb7431fee55519ddf2c78c28b8faa8eb5ea,1774046119,2026-03-20 22:35:19,,,0.0,0.60666,0.0,"Bitcoin Up or Down - March 17, 7:10AM-7:15AM ET"
24503,1774219183.3600786,wallet_8,0xf539c942036cc7633a1e0015209a1343e9b2dda9,0x6cc3898e948720f2d009eba5aaaf7bb7431fee55519ddf2c78c28b8faa8eb5ea,1774046119,2026-03-20 22:35:19,,,0.0,0.70243,0.0,"Bitcoin Up or Down - March 18, 1:25PM-1:30PM ET"
24504,1774219183.3600786,wallet_8,0xf539c942036cc7633a1e0015209a1343e9b2dda9,0x6cc3898e948720f2d009eba5aaaf7bb7431fee55519ddf2c78c28b8faa8eb5ea,1774046119,2026-03-20 22:35:19,,,0.0,117.92918,0.0,"Bitcoin Up or Down - March 19, 8:25PM-8:30PM ET"
24505,1774219183.3600786,wallet_8,0xf539c942036cc7633a1e0015209a1343e9b2dda9,0x6cc3898e948720f2d009eba5aaaf7bb7431fee55519ddf2c78c28b8faa8eb5ea,1774046119,2026-03-20 22:35:19,,,0.0,648.21481,0.0,"Bitcoin Up or Down - March 19, 8:30PM-8:35PM ET"
24506,1774219183.3600786,wallet_8,0xf539c942036cc7633a1e0015209a1343e9b2dda9,0x6cc3898e948720f2d009eba5aaaf7bb7431fee55519ddf2c78c28b8faa8eb5ea,1774046119,2026-03-20 22:35:19,,,0.0,700.0,0.0,"Bitcoin Up or Down - March 19, 8:40PM-8:45PM ET"
24508,1774219183.3600786,wallet_8,0xf539c942036cc7633a1e0015209a1343e9b2dda9,0x8a752717606db6b9e3df60a60b266a757c222c2862190676c794c7b896157553,1773966903,2026-03-20 00:35:03,BUY,Down,0.44,11.81787,5.1998628,"Bitcoin Up or Down - March 19, 8:30PM-8:35PM ET"
24509,1774219183.3600786,wallet_8,0xf539c942036cc7633a1e0015209a1343e9b2dda9,0x23abd0fce08e0630a37b0832f2a04bc9140560c38389b2e32e402a3281cf505b,1773966903,2026-03-20 00:35:03,BUY,Down,0.48,13.78195,6.615336,"Bitcoin Up or Down - March 19, 8:30PM-8:35PM ET"
24510,1774219183.3600786,wallet_8,0xf539c942036cc7633a1e0015209a1343e9b2dda9,0x8900e20adee062274140863691aed1df7370d43f4cb4db2e28a6748eddfed794,1773966903,2026-03-20 00:35:03,BUY,Down,0.47,11.81385,5.5525095,"Bitcoin Up or Down - March 19, 8:30PM-8:35PM ET"
24511,1774219183.3600786,wallet_8,0xf539c942036cc7633a1e0015209a1343e9b2dda9,0x367e1293b8f00d98919cef9ded864af84c1dd286239041a224fc97b35d545883,1773966901,2026-03-20 00:35:01,BUY,Down,0.41,11.82446,4.8480286,"Bitcoin Up or Down - March 19, 8:30PM-8:35PM ET"
24512,1774219183.3600786,wallet_8,0xf539c942036cc7633a1e0015209a1343e9b2dda9,0xcc3b759bfae2ea66d25d420cb137bc8e45fe8b515d4bc64b12ca631cefd20701,1773966881,2026-03-20 00:34:41,SELL,Down,0.36,14.0,5.04,"Bitcoin Up or Down - March 19, 8:30PM-8:35PM ET"
24513,1774219183.3600786,wallet_8,0xf539c942036cc7633a1e0015209a1343e9b2dda9,0x72783572df40a12d4ae443cb40148713bd2467d78f647633e342e832f7f2b190,1773966869,2026-03-20 00:34:29,SELL,Down,0.45,13.0,5.8500000000000005,"Bitcoin Up or Down - March 19, 8:30PM-8:35PM ET"
24514,1774219183.3600786,wallet_8,0xf539c942036cc7633a1e0015209a1343e9b2dda9,0xf1bf889815b4b5dc01014ca84130aa8cdbf64ca75ae7168e726f285283204641,1773966869,2026-03-20 00:34:29,SELL,Down,0.43,14.0,6.02,"Bitcoin Up or Down - March 19, 8:30PM-8:35PM ET"
24515,1774219183.3600786,wallet_8,0xf539c942036cc7633a1e0015209a1343e9b2dda9,0x55a803a538432a65dc4ad8f2540ef71c8c2a82468029153148f1b824fead076c,1773966863,2026-03-20 00:34:23,BUY,Down,0.54,11.8149,6.380046,"Bitcoin Up or Down - March 19, 8:30PM-8:35PM ET"
24516,1774219183.3600786,wallet_8,0xf539c942036cc7633a1e0015209a1343e9b2dda9,0xf6e074d74b40979ae0a327341b2e239b1cf245d87732e4978c7019d007cb7338,1773966861,2026-03-20 00:34:21,SELL,Down,0.42,12.0,5.04,"Bitcoin Up or Down - March 19, 8:30PM-8:35PM ET"
24517,1774219183.3600786,wallet_8,0xf539c942036cc7633a1e0015209a1343e9b2dda9,0x34286be7c322304d9e53ccc7d9390a55d59727b9fc8618dd4c17c596a808f1c9,1773966861,2026-03-20 00:34:21,SELL,Down,0.41,12.0,4.92,"Bitcoin Up or Down - March 19, 8:30PM-8:35PM ET"
24518,1774219183.3600786,wallet_8,0xf539c942036cc7633a1e0015209a1343e9b2dda9,0xcd80d0f0605e30097d30f7d9427e35c3af82dd991e0ed9743aa82ba6dfe378e8,1773966859,2026-03-20 00:34:19,SELL,Down,0.42,12.0,5.04,"Bitcoin Up or Down - March 19, 8:30PM-8:35PM ET"
24519,1774219183.3600786,wallet_8,0xf539c942036cc7633a1e0015209a1343e9b2dda9,0xade95295a771822a1549723e8875fc1ddf967e28eede1f6ba7221927138b9737,1773966859,2026-03-20 00:34:19,SELL,Down,0.46,13.0,5.98,"Bitcoin Up or Down - March 19, 8:30PM-8:35PM ET"
24520,1774219183.3600786,wallet_8,0xf539c942036cc7633a1e0015209a1343e9b2dda9,0xc58c005b06332a2334b725442fd35933a389602f72f1124db76904d08ea935a6,1773966853,2026-03-20 00:34:13,BUY,Down,0.55,11.81624,6.498932000000001,"Bitcoin Up or Down - March 19, 8:30PM-8:35PM ET"
24521,1774219183.3600786,wallet_8,0xf539c942036cc7633a1e0015209a1343e9b2dda9,0xc409084259922b8ada9c6757e4522fe16b815f4a9df97c3d15ca0f041c5fc1e9,1773966819,2026-03-20 00:33:39,BUY,Up,0.51,12.79704,6.5264904,"Bitcoin Up or Down - March 19, 8:30PM-8:35PM ET"
24522,1774219183.3600786,wallet_8,0xf539c942036cc7633a1e0015209a1343e9b2dda9,0x31ea6aea41f159207926155b8c9f9539ad0d70e2af561d914d613f3ca2b96ce2,1773966797,2026-03-20 00:33:17,BUY,Down,0.5,13.78125,6.890625,"Bitcoin Up or Down - March 19, 8:30PM-8:35PM ET"
24523,1774219183.3600786,wallet_8,0xf539c942036cc7633a1e0015209a1343e9b2dda9,0x5bde528dd0cb7ac29c38e263e7b59c3a4fee5e098a461c0b98305d5b0f8ceea4,1773966797,2026-03-20 00:33:17,,,0.0,164.7841,0.0,"Bitcoin Up or Down - March 19, 8:20PM-8:25PM ET"
24524,1774219183.3600786,wallet_8,0xf539c942036cc7633a1e0015209a1343e9b2dda9,0x42f0d3d453916b25452bea2ef15dae4942c95c80875ca5bfbe97290da59d1fb7,1773966773,2026-03-20 00:32:53,SELL,Down,0.45,16.0,7.2,"Bitcoin Up or Down - March 19, 8:30PM-8:35PM ET"
24525,1774219183.3600786,wallet_8,0xf539c942036cc7633a1e0015209a1343e9b2dda9,0xec519007ad9f1e5db4219390ef27bea76929966d1a832701a58b4d8736a4153e,1773966767,2026-03-20 00:32:47,SELL,Down,0.46,12.0,5.5200000000000005,"Bitcoin Up or Down - March 19, 8:30PM-8:35PM ET"
24526,1774219183.3600786,wallet_8,0xf539c942036cc7633a1e0015209a1343e9b2dda9,0x55097b84e2d449d3729df77cbdef30438305553067e601986890725de626ad2f,1773966749,2026-03-20 00:32:29,SELL,Down,0.48857142857142855,14.0,6.84,"Bitcoin Up or Down - March 19, 8:30PM-8:35PM ET"
24527,1774219183.3600786,wallet_8,0xf539c942036cc7633a1e0015209a1343e9b2dda9,0x5a4a80a13c73061ee457d5f5b2312d2b0554b70e70042ddf9b71d6abb00d2587,1773966745,2026-03-20 00:32:25,BUY,Up,0.5,11.8125,5.90625,"Bitcoin Up or Down - March 19, 8:30PM-8:35PM ET"
24528,1774219183.3600786,wallet_8,0xf539c942036cc7633a1e0015209a1343e9b2dda9,0xf70293b3162d87102e9fcd0be22fe0998512b2c24619c90efef71787eb5fce36,1773966739,2026-03-20 00:32:19,SELL,Up,0.49,18.0,8.82,"Bitcoin Up or Down - March 19, 8:30PM-8:35PM ET"
24529,1774219183.3600786,wallet_8,0xf539c942036cc7633a1e0015209a1343e9b2dda9,0x64d08980a71a5a294a8d3c3fa1b981dbf46fd8fdd40756c2e1a3ed2915fbf51f,1773966739,2026-03-20 00:32:19,BUY,Down,0.53,14.76731,7.8266743000000005,"Bitcoin Up or Down - March 19, 8:30PM-8:35PM ET"
24530,1774219183.3600786,wallet_8,0xf539c942036cc7633a1e0015209a1343e9b2dda9,0xf2ed56e6807249f37c4cdee4b4946ed01ca5bf5bc4fc7f8ef3ff481f9179fb6d,1773966739,2026-03-20 00:32:19,SELL,Up,0.48,12.0,5.76,"Bitcoin Up or Down - March 19, 8:30PM-8:35PM ET"
24531,1774219183.3600786,wallet_8,0xf539c942036cc7633a1e0015209a1343e9b2dda9,0x537a14b28e51d53a38c9e882ea964fdb1c15dacdacaa635f829b7e6940f2edff,1773966737,2026-03-20 00:32:17,BUY,Down,0.5,11.8125,5.90625,"Bitcoin Up or Down - March 19, 8:30PM-8:35PM ET"
24532,1774219183.3600786,wallet_8,0xf539c942036cc7633a1e0015209a1343e9b2dda9,0xbf30922f96de9b36fdd58c69c3d47cd9327eb939acf22fad8eadb1b7ef316f8b,1773966737,2026-03-20 00:32:17,BUY,Down,0.49,12.79704,6.270549600000001,"Bitcoin Up or Down - March 19, 8:30PM-8:35PM ET"
24533,1774219183.3600786,wallet_8,0xf539c942036cc7633a1e0015209a1343e9b2dda9,0xf6141f9d8cf0db6f95e13c9e514e3c14e48ee53f17f5d339e66ee35abda65479,1773966735,2026-03-20 00:32:15,BUY,Down,0.47,12.79834,6.0152198,"Bitcoin Up or Down - March 19, 8:30PM-8:35PM ET"
24534,1774219183.3600786,wallet_8,0xf539c942036cc7633a1e0015209a1343e9b2dda9,0xe2d7c1ed6259129a9d03bc055f09dfc65b6cb716b4e8144afc7a3af6e0d4d327,1773966723,2026-03-20 00:32:03,SELL,Down,0.47,13.0,6.109999999999999,"Bitcoin Up or Down - March 19, 8:30PM-8:35PM ET"
24535,1774219183.3600786,wallet_8,0xf539c942036cc7633a1e0015209a1343e9b2dda9,0xa5aac5fbddd8eba79e770f7d553abe36be201356bdbe2b76bdd98779a7a4576b,1773966723,2026-03-20 00:32:03,SELL,Down,0.48,14.0,6.72,"Bitcoin Up or Down - March 19, 8:30PM-8:35PM ET"
24536,1774219183.3600786,wallet_8,0xf539c942036cc7633a1e0015209a1343e9b2dda9,0x34fb16c6cfc26576d15b3d270448142a85024d07ae00d903536c5abe75cb84ae,1773966721,2026-03-20 00:32:01,SELL,Down,0.5,12.0,6.0,"Bitcoin Up or Down - March 19, 8:30PM-8:35PM ET"
24537,1774219183.3600786,wallet_8,0xf539c942036cc7633a1e0015209a1343e9b2dda9,0xd0543f6859c4a9196eb42c3303ac790c38591c6cfd309968d5ebfea1b150e319,1773966721,2026-03-20 00:32:01,BUY,Up,0.49,13.78143,6.7529007,"Bitcoin Up or Down - March 19, 8:30PM-8:35PM ET"
24538,1774219183.3600786,wallet_8,0xf539c942036cc7633a1e0015209a1343e9b2dda9,0xb58b4d00390daf173838542cddf6a0bc21bc56b8e1904741176512c02665bfd1,1773966715,2026-03-20 00:31:55,SELL,Up,0.48,12.0,5.76,"Bitcoin Up or Down - March 19, 8:30PM-8:35PM ET"
24539,1774219183.3600786,wallet_8,0xf539c942036cc7633a1e0015209a1343e9b2dda9,0x7bd53ebe97e328884cd3f9400e36bf195a55fd47fe7ff04e58a2db6a0fce32db,1773966707,2026-03-20 00:31:47,SELL,Up,0.51,12.0,6.12,"Bitcoin Up or Down - March 19, 8:30PM-8:35PM ET"
24540,1774219183.3600786,wallet_8,0xf539c942036cc7633a1e0015209a1343e9b2dda9,0xb0e53a842400f394b0371cfe5d09210fe2b725e29151e8b96f9957eb02e9005e,1773966707,2026-03-20 00:31:47,SELL,Up,0.5134625,16.0,8.2154,"Bitcoin Up or Down - March 19, 8:30PM-8:35PM ET"
24541,1774219183.3600786,wallet_8,0xf539c942036cc7633a1e0015209a1343e9b2dda9,0x8c9709bd05eea33f17484202d309482c9c9fffd35deca825fc3a55ada0a1c6bd,1773966705,2026-03-20 00:31:45,BUY,Down,0.45,11.81624,5.317308000000001,"Bitcoin Up or Down - March 19, 8:30PM-8:35PM ET"
24542,1774219183.3600786,wallet_8,0xf539c942036cc7633a1e0015209a1343e9b2dda9,0x4df9ddc3d06a981251fac3c0651fab67f58923b58329ad5a86ef5b63c6897c74,1773966703,2026-03-20 00:31:43,BUY,Down,0.43,23.63956,10.1650108,"Bitcoin Up or Down - March 19, 8:30PM-8:35PM ET"
24543,1774219183.3600786,wallet_8,0xf539c942036cc7633a1e0015209a1343e9b2dda9,0x92ad08d3596e9721ea5c560b3b323f858437db62d9f0329a1cb811ec2815e214,1773966701,2026-03-20 00:31:41,BUY,Down,0.43,11.81978,5.0825054,"Bitcoin Up or Down - March 19, 8:30PM-8:35PM ET"
24544,1774219183.3600786,wallet_8,0xf539c942036cc7633a1e0015209a1343e9b2dda9,0x8579b487c9bca89d08c0514c0461e27b2bcae19bf39f1eeb8fca9aee95f2349c,1773966691,2026-03-20 00:31:31,BUY,Down,0.41,11.82446,4.8480286,"Bitcoin Up or Down - March 19, 8:30PM-8:35PM ET"
24545,1774219183.3600786,wallet_8,0xf539c942036cc7633a1e0015209a1343e9b2dda9,0xc59ad84e221483169015b7c620cd43ca1b024d25f534b4b1f30117b519f74047,1773966685,2026-03-20 00:31:25,BUY,Down,0.4,13.7984,5.519360000000001,"Bitcoin Up or Down - March 19, 8:30PM-8:35PM ET"
24546,1774219183.3600786,wallet_8,0xf539c942036cc7633a1e0015209a1343e9b2dda9,0xf8be9fec2464d6fbb514e99a3cdf0c7525eb6d198c791989ea40f14405bd2be3,1773966683,2026-03-20 00:31:23,BUY,Down,0.39,11.83022,4.6137858000000005,"Bitcoin Up or Down - March 19, 8:30PM-8:35PM ET"
24547,1774219183.3600786,wallet_8,0xf539c942036cc7633a1e0015209a1343e9b2dda9,0xfa5c5c6bcc246959ca34d26b187e0fd59d01ca80b263f20b6a13e6b77fceef66,1773966681,2026-03-20 00:31:21,SELL,Down,0.35,13.0,4.55,"Bitcoin Up or Down - March 19, 8:30PM-8:35PM ET"
24548,1774219183.3600786,wallet_8,0xf539c942036cc7633a1e0015209a1343e9b2dda9,0xc3757419e9885b33a724dda53083fb3a2c88027171bb7a349437e0194875bb23,1773966679,2026-03-20 00:31:19,SELL,Down,0.36,12.0,4.32,"Bitcoin Up or Down - March 19, 8:30PM-8:35PM ET"
24549,1774219183.3600786,wallet_8,0xf539c942036cc7633a1e0015209a1343e9b2dda9,0x46f43e0f5bfc6d092d852f9d41dec1df65d659b60158fd2d05e0e3eaba2650b4,1773966677,2026-03-20 00:31:17,SELL,Down,0.38,12.0,4.5600000000000005,"Bitcoin Up or Down - March 19, 8:30PM-8:35PM ET"
24550,1774219183.3600786,wallet_8,0xf539c942036cc7633a1e0015209a1343e9b2dda9,0x34524a5ade477f9dca79bf94cc54177113e8eee47125755fd15ece335e1c04e9,1773966677,2026-03-20 00:31:17,SELL,Down,0.36,14.0,5.04,"Bitcoin Up or Down - March 19, 8:30PM-8:35PM ET"
24551,1774219183.3600786,wallet_8,0xf539c942036cc7633a1e0015209a1343e9b2dda9,0x54cde9037f425bb71ff35e34054808e4ce0fc8bf8e782d9af58459fcc4b129a0,1773966673,2026-03-20 00:31:13,,,0.0,582.07082,0.0,"Bitcoin Up or Down - March 19, 8:25PM-8:30PM ET"
24552,1774219183.3600786,wallet_8,0xf539c942036cc7633a1e0015209a1343e9b2dda9,0xf7669e4facb6f770974947b171dc842fb041b9b76e4896c1ea9a591eceb4d85c,1773966667,2026-03-20 00:31:07,BUY,Down,0.39,11.83022,4.6137858000000005,"Bitcoin Up or Down - March 19, 8:30PM-8:35PM ET"
24553,1774219183.3600786,wallet_8,0xf539c942036cc7633a1e0015209a1343e9b2dda9,0xd93b679d5e8ce16e6e730cb79715f64a022e657029f5ac75800a563ee4a25d52,1773966667,2026-03-20 00:31:07,SELL,Down,0.38,48.0,18.240000000000002,"Bitcoin Up or Down - March 19, 8:30PM-8:35PM ET"
24554,1774219183.3600786,wallet_8,0xf539c942036cc7633a1e0015209a1343e9b2dda9,0x15a9424724f6bf5af80b0d9edff94635707659e5a14353d46c150d35960ef8e2,1773966665,2026-03-20 00:31:05,BUY,Down,0.39,11.83022,4.6137858000000005,"Bitcoin Up or Down - March 19, 8:30PM-8:35PM ET"
24555,1774219183.3600786,wallet_8,0xf539c942036cc7633a1e0015209a1343e9b2dda9,0x3789b0051d80cab00643042edea30a796eae82556394ca8a006dab097891588c,1773966655,2026-03-20 00:30:55,SELL,Down,0.4324375,16.0,6.919,"Bitcoin Up or Down - March 19, 8:30PM-8:35PM ET"
24556,1774219183.3600786,wallet_8,0xf539c942036cc7633a1e0015209a1343e9b2dda9,0x3cca6149667fc0fd7ee64f485f6ce97338201550ba5530ffe62d377c757bb54b,1773966653,2026-03-20 00:30:53,SELL,Down,0.46,13.0,5.98,"Bitcoin Up or Down - March 19, 8:30PM-8:35PM ET"
24557,1774219183.3600786,wallet_8,0xf539c942036cc7633a1e0015209a1343e9b2dda9,0x86de998ed1a7081e0d15a69b14bda3a61b80176e572a48dbf70981f8703fba88,1773966653,2026-03-20 00:30:53,BUY,Up,0.53,11.81385,6.2613405,"Bitcoin Up or Down - March 19, 8:30PM-8:35PM ET"
24558,1774219183.3600786,wallet_8,0xf539c942036cc7633a1e0015209a1343e9b2dda9,0x79fc204acb8395b396dd6ed3a674b09391546b2d1247aaf5d9e3d22faff61fe3,1773966635,2026-03-20 00:30:35,SELL,Up,0.47,14.0,6.58,"Bitcoin Up or Down - March 19, 8:30PM-8:35PM ET"
24559,1774219183.3600786,wallet_8,0xf539c942036cc7633a1e0015209a1343e9b2dda9,0x258ea3c440640d7c218cc56ca3bc51d6f74f9781482e4a0ed36799e078c26f20,1773966635,2026-03-20 00:30:35,SELL,Up,0.47,14.0,6.58,"Bitcoin Up or Down - March 19, 8:30PM-8:35PM ET"
24560,1774219183.3600786,wallet_8,0xf539c942036cc7633a1e0015209a1343e9b2dda9,0xe8201656d1f9b28f1204e10e9a3939dc9bb67175590a7d99c922dc206fcb15df,1773966633,2026-03-20 00:30:33,SELL,Up,0.47,14.0,6.58,"Bitcoin Up or Down - March 19, 8:30PM-8:35PM ET"
24561,1774219183.3600786,wallet_8,0xf539c942036cc7633a1e0015209a1343e9b2dda9,0xc1a6c04409a28d03610be2d409bcf5860c38d4af40b2a31af66c87a8a9e12b90,1773966631,2026-03-20 00:30:31,SELL,Up,0.47,14.0,6.58,"Bitcoin Up or Down - March 19, 8:30PM-8:35PM ET"
24562,1774219183.3600786,wallet_8,0xf539c942036cc7633a1e0015209a1343e9b2dda9,0xfcfb3a155a3a554cbc51d3db7f828461b586e4f94cf1dc0a70b5ccfa046758ba,1773966629,2026-03-20 00:30:29,SELL,Up,0.45,20.0,9.0,"Bitcoin Up or Down - March 19, 8:30PM-8:35PM ET"
24563,1774219183.3600786,wallet_8,0xf539c942036cc7633a1e0015209a1343e9b2dda9,0x0f371d491eeef905c874b1b3a7ba6b3b2ada6e3fb16fc2b77cc40413628e3486,1773966625,2026-03-20 00:30:25,SELL,Up,0.45,20.0,9.0,"Bitcoin Up or Down - March 19, 8:30PM-8:35PM ET"
24564,1774219183.3600786,wallet_8,0xf539c942036cc7633a1e0015209a1343e9b2dda9,0xea4181fa7d916a498eec36f0d5bca06b81adc336c6315696e55eda6546926e3d,1773966623,2026-03-20 00:30:23,BUY,Up,0.48,11.8131,5.670288,"Bitcoin Up or Down - March 19, 8:30PM-8:35PM ET"
24565,1774219183.3600786,wallet_8,0xf539c942036cc7633a1e0015209a1343e9b2dda9,0xa581878726027ef67cc48415017db790358f22b8f1baff671c2983c086c3b671,1773966623,2026-03-20 00:30:23,BUY,Up,0.46,11.8149,5.4348540000000005,"Bitcoin Up or Down - March 19, 8:30PM-8:35PM ET"
24566,1774219183.3600786,wallet_8,0xf539c942036cc7633a1e0015209a1343e9b2dda9,0xd6ce96c1607f41cacb054eba3dc55caf61fa866bf7dd0d55da76a44aadc74cca,1773966621,2026-03-20 00:30:21,SELL,Up,0.44,14.0,6.16,"Bitcoin Up or Down - March 19, 8:30PM-8:35PM ET"
24567,1774219183.3600786,wallet_8,0xf539c942036cc7633a1e0015209a1343e9b2dda9,0x3b6635c4cd76490dba49c6f74588fdbdde0d36690ca2b0cecac571d26d03bbbe,1773966619,2026-03-20 00:30:19,,,0.5,700.0,350.0,"Bitcoin Up or Down - March 19, 8:40PM-8:45PM ET"
24568,1774219183.3600786,wallet_8,0xf539c942036cc7633a1e0015209a1343e9b2dda9,0xff6e5dfe0600e720efb31776e7cc4b897187514c6f735665055d16e8c7942731,1773966619,2026-03-20 00:30:19,SELL,Up,0.4507259259259259,27.0,12.169599999999999,"Bitcoin Up or Down - March 19, 8:30PM-8:35PM ET"
24569,1774219183.3600786,wallet_8,0xf539c942036cc7633a1e0015209a1343e9b2dda9,0xffb9c47e8cda00defa2561ddca097afdca6c66c9b0cb7ab30370e7365ff374a0,1773966617,2026-03-20 00:30:17,SELL,Up,0.44,27.0,11.88,"Bitcoin Up or Down - March 19, 8:30PM-8:35PM ET"
24570,1774219183.3600786,wallet_8,0xf539c942036cc7633a1e0015209a1343e9b2dda9,0x419be4371774b65ac259d66351ca09e5b60050073e97aafd98651e4e0efbe0e0,1773966613,2026-03-20 00:30:13,SELL,Up,0.47,27.0,12.69,"Bitcoin Up or Down - March 19, 8:30PM-8:35PM ET"
24571,1774219183.3600786,wallet_8,0xf539c942036cc7633a1e0015209a1343e9b2dda9,0x58601e276088560763ed0f9604e6650fdce5f8e1f3bc618dccd583e64a7c7727,1773966611,2026-03-20 00:30:11,SELL,Up,0.48,12.0,5.76,"Bitcoin Up or Down - March 19, 8:30PM-8:35PM ET"
24572,1774219183.3600786,wallet_8,0xf539c942036cc7633a1e0015209a1343e9b2dda9,0x2028c85c2a6b784717f429a692c7abc717f93eb2308ece0a6a7ea0f6d1b8e632,1773966611,2026-03-20 00:30:11,SELL,Up,0.49,13.0,6.37,"Bitcoin Up or Down - March 19, 8:30PM-8:35PM ET"
24573,1774219183.3600786,wallet_8,0xf539c942036cc7633a1e0015209a1343e9b2dda9,0xef33b80143ad99f2a44c053504b45ee0874cbe3856ca899601c367e3f7ca70f0,1773966611,2026-03-20 00:30:11,SELL,Up,0.5,5.0,2.5,"Bitcoin Up or Down - March 19, 8:30PM-8:35PM ET"
24574,1774219183.3600786,wallet_8,0xf539c942036cc7633a1e0015209a1343e9b2dda9,0x41ca422cfd7dcade6895c801d5c43d09875c29b7e3ae988f4d60b12ead6b1d44,1773966593,2026-03-20 00:29:53,BUY,Down,0.01,11.99971,0.11999710000000001,"Bitcoin Up or Down - March 19, 8:25PM-8:30PM ET"
24575,1774219183.3600786,wallet_8,0xf539c942036cc7633a1e0015209a1343e9b2dda9,0x50202b11f8694a86a9e4ac64af5a4dd2ac9c63dc5cd45f0ec9dd489855563ad7,1773966589,2026-03-20 00:29:49,BUY,Down,0.01,11.99971,0.11999710000000001,"Bitcoin Up or Down - March 19, 8:25PM-8:30PM ET"
24576,1774219183.3600786,wallet_8,0xf539c942036cc7633a1e0015209a1343e9b2dda9,0x66208341e6ede5a6ba4455f65717622e96d90cc4c4cc168fa6fddb383401ab7b,1773966589,2026-03-20 00:29:49,BUY,Down,0.01,11.99971,0.11999710000000001,"Bitcoin Up or Down - March 19, 8:25PM-8:30PM ET"
24577,1774219183.3600786,wallet_8,0xf539c942036cc7633a1e0015209a1343e9b2dda9,0x1fad1971d2cb997cdf4ef7326cff8500cd08f63670c5773f13149df0403d30dd,1773966589,2026-03-20 00:29:49,BUY,Down,0.01,11.99971,0.11999710000000001,"Bitcoin Up or Down - March 19, 8:25PM-8:30PM ET"
24578,1774219183.3600786,wallet_8,0xf539c942036cc7633a1e0015209a1343e9b2dda9,0xb9852b82198fa12ee126358e98e05791caeb8ed1b27e14d62e28a75c5fcb1623,1773966585,2026-03-20 00:29:45,BUY,Down,0.01,12.99969,0.1299969,"Bitcoin Up or Down - March 19, 8:25PM-8:30PM ET"
24579,1774219183.3600786,wallet_8,0xf539c942036cc7633a1e0015209a1343e9b2dda9,0x1b3c1aef14167ba4292c2e26aca8d4d5adde7ed64bbb2867a37d799f2d33bc72,1773966585,2026-03-20 00:29:45,BUY,Down,0.01,11.99971,0.11999710000000001,"Bitcoin Up or Down - March 19, 8:25PM-8:30PM ET"
24580,1774219183.3600786,wallet_8,0xf539c942036cc7633a1e0015209a1343e9b2dda9,0x6f78db391af25625fe6c04ebde80b00528290c9c6dfe1d8f4b63241beb8eda11,1773966585,2026-03-20 00:29:45,BUY,Down,0.01,13.99966,0.1399966,"Bitcoin Up or Down - March 19, 8:25PM-8:30PM ET"
24581,1774219183.3600786,wallet_8,0xf539c942036cc7633a1e0015209a1343e9b2dda9,0x11dcdb9516d87359436465fdace2676ae1557d033f6765fc576665369a53ce85,1773966565,2026-03-20 00:29:25,BUY,Down,0.01,11.99971,0.11999710000000001,"Bitcoin Up or Down - March 19, 8:25PM-8:30PM ET"
24582,1774219183.3600786,wallet_8,0xf539c942036cc7633a1e0015209a1343e9b2dda9,0x560b89220272eb41220a93e6c6f37f63b2d9d3ff79afd111e02ae401fc61dfd7,1773966565,2026-03-20 00:29:25,BUY,Down,0.01,12.99969,0.1299969,"Bitcoin Up or Down - March 19, 8:25PM-8:30PM ET"
24583,1774219183.3600786,wallet_8,0xf539c942036cc7633a1e0015209a1343e9b2dda9,0x9393d98f7bc719d60511b1685c4b83341f3f3aee374f0a9e54f49dafcf8300db,1773966565,2026-03-20 00:29:25,BUY,Down,0.01,17.99956,0.1799956,"Bitcoin Up or Down - March 19, 8:25PM-8:30PM ET"
24584,1774219183.3600786,wallet_8,0xf539c942036cc7633a1e0015209a1343e9b2dda9,0x5dca4a2ae3696f05f19952fe3abba1976ad050256a9da9d9666eb99094e5350d,1773966549,2026-03-20 00:29:09,,,0.0,519.5847,0.0,"Bitcoin Up or Down - March 19, 8:20PM-8:25PM ET"
24585,1774219183.3600786,wallet_8,0xf539c942036cc7633a1e0015209a1343e9b2dda9,0x36946099e4c6b915fdfa170aeaf18e042511492b7312c73f99f10c4d8705bd40,1773966549,2026-03-20 00:29:09,BUY,Down,0.02,11.99885,0.239977,"Bitcoin Up or Down - March 19, 8:25PM-8:30PM ET"
24586,1774219183.3600786,wallet_8,0xf539c942036cc7633a1e0015209a1343e9b2dda9,0x7444c7d9edb153f2d26e51f7f0b8d380b1c355a3e78026f6f0c2e8967bb90198,1773966547,2026-03-20 00:29:07,BUY,Down,0.02,11.99885,0.239977,"Bitcoin Up or Down - March 19, 8:25PM-8:30PM ET"
24587,1774219183.3600786,wallet_8,0xf539c942036cc7633a1e0015209a1343e9b2dda9,0x9ecc896537cc77f6234906d42950e0540d2adc1ab7a24b8e9c3e4b2857a56414,1773966547,2026-03-20 00:29:07,BUY,Down,0.02,17.99828,0.35996560000000005,"Bitcoin Up or Down - March 19, 8:25PM-8:30PM ET"
24588,1774219183.3600786,wallet_8,0xf539c942036cc7633a1e0015209a1343e9b2dda9,0xcbb41fd5f4a2f50a31995aee5b2b109b38bbf62cd38818043630953618dc6d1a,1773966545,2026-03-20 00:29:05,SELL,Down,0.02,12.0,0.24,"Bitcoin Up or Down - March 19, 8:25PM-8:30PM ET"
24589,1774219183.3600786,wallet_8,0xf539c942036cc7633a1e0015209a1343e9b2dda9,0xc525c4269669afe2215bc7fadbf5e02b284d43ad69aa78b51e26a22043e3d562,1773966543,2026-03-20 00:29:03,SELL,Down,0.02,12.0,0.24,"Bitcoin Up or Down - March 19, 8:25PM-8:30PM ET"
24590,1774219183.3600786,wallet_8,0xf539c942036cc7633a1e0015209a1343e9b2dda9,0xbba1e175d2f17f6ba22107277d0d46042a806cb36b47eaf6b5a0c06a96fd4994,1773966529,2026-03-20 00:28:49,SELL,Down,0.03,20.0,0.6,"Bitcoin Up or Down - March 19, 8:25PM-8:30PM ET"
24591,1774219183.3600786,wallet_8,0xf539c942036cc7633a1e0015209a1343e9b2dda9,0xb5879e28198a24a2fa7af3c60fb035d6692ce88d87de4008d32b3f4c3294feae,1773966525,2026-03-20 00:28:45,SELL,Down,0.04,13.0,0.52,"Bitcoin Up or Down - March 19, 8:25PM-8:30PM ET"
24592,1774219183.3600786,wallet_8,0xf539c942036cc7633a1e0015209a1343e9b2dda9,0x8948be954ea8192321ba5aa075f3b8b6432ed2ae8bbacfa430ff7b2e5a3d0e03,1773966525,2026-03-20 00:28:45,SELL,Down,0.03,13.0,0.39,"Bitcoin Up or Down - March 19, 8:25PM-8:30PM ET"
24593,1774219183.3600786,wallet_8,0xf539c942036cc7633a1e0015209a1343e9b2dda9,0xac1d0401d11a849285ecee6d099ea2b91ec12722f1d8d518794ac7c3775bbc5e,1773966525,2026-03-20 00:28:45,SELL,Down,0.05,12.0,0.6000000000000001,"Bitcoin Up or Down - March 19, 8:25PM-8:30PM ET"
24594,1774219183.3600786,wallet_8,0xf539c942036cc7633a1e0015209a1343e9b2dda9,0x5533419dffa89f18d2a17c6edf7325b8903ef875ea92c785ec690029d9483172,1773966523,2026-03-20 00:28:43,SELL,Down,0.05,13.0,0.65,"Bitcoin Up or Down - March 19, 8:25PM-8:30PM ET"
24595,1774219183.3600786,wallet_8,0xf539c942036cc7633a1e0015209a1343e9b2dda9,0xcba451800659cb67009ef9b054693231ff53e813e00623a24af523f456749b8e,1773966523,2026-03-20 00:28:43,SELL,Down,0.05,13.0,0.65,"Bitcoin Up or Down - March 19, 8:25PM-8:30PM ET"
24596,1774219183.3600786,wallet_8,0xf539c942036cc7633a1e0015209a1343e9b2dda9,0xbf7dc95294617d43c46335970a7dd98ed5a8186815cebff71429dd94795ad327,1773966521,2026-03-20 00:28:41,SELL,Down,0.06,14.0,0.84,"Bitcoin Up or Down - March 19, 8:25PM-8:30PM ET"
24597,1774219183.3600786,wallet_8,0xf539c942036cc7633a1e0015209a1343e9b2dda9,0x9e9aca9bcb0b504d500c510f1c5171e38d50f342c66e7fa1ab1c8577694fd2da,1773966519,2026-03-20 00:28:39,SELL,Down,0.09,17.0,1.53,"Bitcoin Up or Down - March 19, 8:25PM-8:30PM ET"
24598,1774219183.3600786,wallet_8,0xf539c942036cc7633a1e0015209a1343e9b2dda9,0xc37d64329d0cbba6e100612593ee4ec08a731c1be1e73930e92d4710341d1c85,1773966519,2026-03-20 00:28:39,SELL,Down,0.1,12.0,1.2000000000000002,"Bitcoin Up or Down - March 19, 8:25PM-8:30PM ET"
24599,1774219183.3600786,wallet_8,0xf539c942036cc7633a1e0015209a1343e9b2dda9,0xf7b3560710b47a6b51ad529e4d9bca43d5816a15cbee9de1d85565814534fce8,1773966519,2026-03-20 00:28:39,SELL,Down,0.1,12.0,1.2000000000000002,"Bitcoin Up or Down - March 19, 8:25PM-8:30PM ET"
24600,1774219183.3600786,wallet_8,0xf539c942036cc7633a1e0015209a1343e9b2dda9,0x64162bdd810ca9d717a5f82b8df3c8bef904f765c0b6c0606fe396af3a602a9a,1773966519,2026-03-20 00:28:39,SELL,Down,0.11,14.0,1.54,"Bitcoin Up or Down - March 19, 8:25PM-8:30PM ET"
24601,1774219183.3600786,wallet_8,0xf539c942036cc7633a1e0015209a1343e9b2dda9,0x81c550e1c5c9e5b954e7298041271a806f50434087e06856485834022d47c670,1773966517,2026-03-20 00:28:37,SELL,Down,0.13416666666666666,12.0,1.6099999999999999,"Bitcoin Up or Down - March 19, 8:25PM-8:30PM ET"
24602,1774219183.3600786,wallet_8,0xf539c942036cc7633a1e0015209a1343e9b2dda9,0x3b44580ef222818c03d7a1ad2ccf66db25094c7464d7fc630e0393894bb30b6f,1773966503,2026-03-20 00:28:23,BUY,Down,0.22,11.91167,2.6205674,"Bitcoin Up or Down - March 19, 8:25PM-8:30PM ET"
24603,1774219183.3600786,wallet_8,0xf539c942036cc7633a1e0015209a1343e9b2dda9,0xbba2c5fdb04dc6cb0110f97d1e4ef9fd2427d5e7659931b1c58d9f211ba2d7a5,1773966497,2026-03-20 00:28:17,SELL,Down,0.17,13.0,2.21,"Bitcoin Up or Down - March 19, 8:25PM-8:30PM ET"
24604,1774219183.3600786,wallet_8,0xf539c942036cc7633a1e0015209a1343e9b2dda9,0xd8c6b0d0eaffa5b531adb1cdf68467d1e4082df85ad8e9e53e95b3e9e0019fce,1773966489,2026-03-20 00:28:09,SELL,Down,0.22,20.0,4.4,"Bitcoin Up or Down - March 19, 8:25PM-8:30PM ET"
24605,1774219183.3600786,wallet_8,0xf539c942036cc7633a1e0015209a1343e9b2dda9,0xa63b91f4d4feba231e75848cd72dd33f6aaa2931d8140eec2b2f64e0fd7515c0,1773966485,2026-03-20 00:28:05,SELL,Down,0.27,12.0,3.24,"Bitcoin Up or Down - March 19, 8:25PM-8:30PM ET"
24606,1774219183.3600786,wallet_8,0xf539c942036cc7633a1e0015209a1343e9b2dda9,0x73fc3f500da15e16fa9a900b09075562d59988c8cd7407e23cfa1f9c42b6364e,1773966485,2026-03-20 00:28:05,SELL,Down,0.26,14.0,3.64,"Bitcoin Up or Down - March 19, 8:25PM-8:30PM ET"
24607,1774219183.3600786,wallet_8,0xf539c942036cc7633a1e0015209a1343e9b2dda9,0xe52a353dc8ced61182fffc890ec8ff521f504044cc5ccf6e4498d0cc094e0060,1773966483,2026-03-20 00:28:03,SELL,Down,0.36,15.0,5.3999999999999995,"Bitcoin Up or Down - March 19, 8:25PM-8:30PM ET"
24608,1774219183.3600786,wallet_8,0xf539c942036cc7633a1e0015209a1343e9b2dda9,0x28e6eda0043740588f352b14da56cf6c537260c9e39c2767eba193520e6332d0,1773966481,2026-03-20 00:28:01,SELL,Down,0.36,13.0,4.68,"Bitcoin Up or Down - March 19, 8:25PM-8:30PM ET"
24609,1774219183.3600786,wallet_8,0xf539c942036cc7633a1e0015209a1343e9b2dda9,0x34fc209ab52ea8bd677939aea07436358f1811c07435062275b45eed5829d6ec,1773966469,2026-03-20 00:27:49,BUY,Down,0.44,14.77233,6.4998252,"Bitcoin Up or Down - March 19, 8:25PM-8:30PM ET"
24610,1774219183.3600786,wallet_8,0xf539c942036cc7633a1e0015209a1343e9b2dda9,0xd59cfc318144b04ad74d62ee7f2623794ef911d68cc63881d94f710b1c88b1c7,1773966467,2026-03-20 00:27:47,BUY,Down,0.37,14.79625,5.4746125,"Bitcoin Up or Down - March 19, 8:25PM-8:30PM ET"
24611,1774219183.3600786,wallet_8,0xf539c942036cc7633a1e0015209a1343e9b2dda9,0xe3f2d10c7e572cc3774a167eb5bb4b9f85c30700781338c21afb144c205e3c08,1773966467,2026-03-20 00:27:47,BUY,Down,0.39,15.77362,6.1517118,"Bitcoin Up or Down - March 19, 8:25PM-8:30PM ET"
24612,1774219183.3600786,wallet_8,0xf539c942036cc7633a1e0015209a1343e9b2dda9,0x212607ef8698edd76ff7e01374efe04ea0bf7ebc7212b9d1117f74eab3d32959,1773966461,2026-03-20 00:27:41,BUY,Down,0.32,14.82244,4.7431808,"Bitcoin Up or Down - March 19, 8:25PM-8:30PM ET"
24613,1774219183.3600786,wallet_8,0xf539c942036cc7633a1e0015209a1343e9b2dda9,0xad75c4bff92e3c024852e97db287b2008075c979e84188247e9a898659f57dfc,1773966457,2026-03-20 00:27:37,BUY,Down,0.26,16.84268,4.3790968,"Bitcoin Up or Down - March 19, 8:25PM-8:30PM ET"
24614,1774219183.3600786,wallet_8,0xf539c942036cc7633a1e0015209a1343e9b2dda9,0x63cd1dbb3fb691fedc2246504833d6f8a65f79856ea71b93359f3da0b7b9151e,1773966457,2026-03-20 00:27:37,BUY,Down,0.31,14.82843,4.5968133,"Bitcoin Up or Down - March 19, 8:25PM-8:30PM ET"
24615,1774219183.3600786,wallet_8,0xf539c942036cc7633a1e0015209a1343e9b2dda9,0xbe9e3ebc9eedb6bdbb4d9271932ebb03314c3bcb7d8abb1c0f3a002c683f6fdc,1773966455,2026-03-20 00:27:35,BUY,Down,0.25,14.86817,3.7170425,"Bitcoin Up or Down - March 19, 8:25PM-8:30PM ET"
24616,1774219183.3600786,wallet_8,0xf539c942036cc7633a1e0015209a1343e9b2dda9,0x3e6259f48938202204f10e5b925b88b3ab1c7a594cd3977d288d62f21f1310ba,1773966449,2026-03-20 00:27:29,BUY,Down,0.22,14.88958,3.2757076,"Bitcoin Up or Down - March 19, 8:25PM-8:30PM ET"
24617,1774219183.3600786,wallet_8,0xf539c942036cc7633a1e0015209a1343e9b2dda9,0xb5da23dea16915797d2ba69558b397022af2f540a72fb7b88a749f726277c411,1773966445,2026-03-20 00:27:25,BUY,Down,0.2,14.904,2.9808000000000003,"Bitcoin Up or Down - March 19, 8:25PM-8:30PM ET"
24618,1774219183.3600786,wallet_8,0xf539c942036cc7633a1e0015209a1343e9b2dda9,0x089db97e6b5070c84035691a26082d481759790c0b1bb52d257f14e9f8ee133c,1773966445,2026-03-20 00:27:25,BUY,Down,0.19,14.91119,2.8331261,"Bitcoin Up or Down - March 19, 8:25PM-8:30PM ET"
24619,1774219183.3600786,wallet_8,0xf539c942036cc7633a1e0015209a1343e9b2dda9,0x12cc948cbafa361d4071d09ad9c61e8258ef92ddf2f76057520bd415c7c5ddb7,1773966443,2026-03-20 00:27:23,BUY,Down,0.21,14.89679,3.1283258999999997,"Bitcoin Up or Down - March 19, 8:25PM-8:30PM ET"
24620,1774219183.3600786,wallet_8,0xf539c942036cc7633a1e0015209a1343e9b2dda9,0xf774576503aba1738be73d82bb1b78919916cb421c12f6104d49e5bff175dbb4,1773966441,2026-03-20 00:27:21,BUY,Down,0.15,14.93904,2.240856,"Bitcoin Up or Down - March 19, 8:25PM-8:30PM ET"
24621,1774219183.3600786,wallet_8,0xf539c942036cc7633a1e0015209a1343e9b2dda9,0x055f0bcd8323bb6108d462ab57474196d7b18dbc4a15d255b29c1bbb3281bd50,1773966427,2026-03-20 00:27:07,,,0.0,155.83353,0.0,"Bitcoin Up or Down - March 19, 8:15PM-8:20PM ET"
24622,1774219183.3600786,wallet_8,0xf539c942036cc7633a1e0015209a1343e9b2dda9,0xa8260dced27ff045a9609cdd80a92f8ea99c40189a1b63dd19816c3aa23113b5,1773966425,2026-03-20 00:27:05,BUY,Down,0.16,15.92775,2.54844,"Bitcoin Up or Down - March 19, 8:25PM-8:30PM ET"
24623,1774219183.3600786,wallet_8,0xf539c942036cc7633a1e0015209a1343e9b2dda9,0xf69b506216061520960a880a4443fba028bdd6c1db879a6bd718602df9e68fa7,1773966409,2026-03-20 00:26:49,BUY,Down,0.16,19.90969,3.1855504000000003,"Bitcoin Up or Down - March 19, 8:25PM-8:30PM ET"
24624,1774219183.3600786,wallet_8,0xf539c942036cc7633a1e0015209a1343e9b2dda9,0xdc652ec1c8f4bd37a69f377e6800bdd1382eee56a8b8cfaa88250ed4db1e29e4,1773966395,2026-03-20 00:26:35,BUY,Down,0.15,14.93904,2.240856,"Bitcoin Up or Down - March 19, 8:25PM-8:30PM ET"
24625,1774219183.3600786,wallet_8,0xf539c942036cc7633a1e0015209a1343e9b2dda9,0x053e0794e7b22983920dbfbd0cf3240910c438ada2092208de49373b7db251b7,1773966393,2026-03-20 00:26:33,SELL,Down,0.13,15.0,1.9500000000000002,"Bitcoin Up or Down - March 19, 8:25PM-8:30PM ET"
24626,1774219183.3600786,wallet_8,0xf539c942036cc7633a1e0015209a1343e9b2dda9,0xa82e0bf3ef3c098be9afa9fa664f0f674cb8f9dab5b62149448bcf0312b58c7f,1773966389,2026-03-20 00:26:29,SELL,Down,0.16,15.0,2.4,"Bitcoin Up or Down - March 19, 8:25PM-8:30PM ET"
24627,1774219183.3600786,wallet_8,0xf539c942036cc7633a1e0015209a1343e9b2dda9,0x94ccb36d9e51ed1d943b93573a1bf870bff7c7ad21411458e832651d78b3ace5,1773966371,2026-03-20 00:26:11,SELL,Down,0.18,15.0,2.6999999999999997,"Bitcoin Up or Down - March 19, 8:25PM-8:30PM ET"
24628,1774219183.3600786,wallet_8,0xf539c942036cc7633a1e0015209a1343e9b2dda9,0xe80efa8babf969f04b0b319e4a46e4c85b8b8f129b9025f28a4577b575185a72,1773966371,2026-03-20 00:26:11,SELL,Down,0.18,16.0,2.88,"Bitcoin Up or Down - March 19, 8:25PM-8:30PM ET"
24629,1774219183.3600786,wallet_8,0xf539c942036cc7633a1e0015209a1343e9b2dda9,0xcc049ac86dc0656ef6840d24546191a55b50da8a915757e36415ddadd80a205a,1773966367,2026-03-20 00:26:07,SELL,Down,0.22,15.0,3.3,"Bitcoin Up or Down - March 19, 8:25PM-8:30PM ET"
24630,1774219183.3600786,wallet_8,0xf539c942036cc7633a1e0015209a1343e9b2dda9,0x345be0915c0e60433a7667a61ad1e153cf2b65ccc985ba0850d505535ce833fa,1773966359,2026-03-20 00:25:59,SELL,Down,0.26,17.0,4.42,"Bitcoin Up or Down - March 19, 8:25PM-8:30PM ET"
24631,1774219183.3600786,wallet_8,0xf539c942036cc7633a1e0015209a1343e9b2dda9,0x73991fe095998c88756700ad593ddae4a2f320bb615d429939b906e58f1f94d7,1773966359,2026-03-20 00:25:59,SELL,Down,0.24,17.0,4.08,"Bitcoin Up or Down - March 19, 8:25PM-8:30PM ET"
24632,1774219183.3600786,wallet_8,0xf539c942036cc7633a1e0015209a1343e9b2dda9,0x2862c7f22dbb7c5aa1d284370c31a1bd18d9143a419f35010a8a771f38144bdc,1773966357,2026-03-20 00:25:57,,,0.5,700.0,350.0,"Bitcoin Up or Down - March 19, 8:35PM-8:40PM ET"
24633,1774219183.3600786,wallet_8,0xf539c942036cc7633a1e0015209a1343e9b2dda9,0x1cd8750f44a9c52764faa8c276b7938a085af2f739c151a2924768e834fdb745,1773966357,2026-03-20 00:25:57,SELL,Down,0.27,15.0,4.050000000000001,"Bitcoin Up or Down - March 19, 8:25PM-8:30PM ET"
24634,1774219183.3600786,wallet_8,0xf539c942036cc7633a1e0015209a1343e9b2dda9,0x5bd679204c521340f541b32241abefac8668e1ea9215a2cb8447319abad430a5,1773966355,2026-03-20 00:25:55,BUY,Down,0.3253333333333333,14.81934,4.82122528,"Bitcoin Up or Down - March 19, 8:25PM-8:30PM ET"
24635,1774219183.3600786,wallet_8,0xf539c942036cc7633a1e0015209a1343e9b2dda9,0x7ed9f3be1fe0dec7cf6737e1a6b3963fc3428d08c5ebaae9d51a98c2e6a71a3a,1773966355,2026-03-20 00:25:55,BUY,Down,0.28,15.83743,4.4344804,"Bitcoin Up or Down - March 19, 8:25PM-8:30PM ET"
24636,1774219183.3600786,wallet_8,0xf539c942036cc7633a1e0015209a1343e9b2dda9,0x77457584b94b7f31efb151da09a23aad714d2215611c88049ca4da1f144ff405,1773966353,2026-03-20 00:25:53,BUY,Down,0.27,14.85432,4.0106664,"Bitcoin Up or Down - March 19, 8:25PM-8:30PM ET"
24637,1774219183.3600786,wallet_8,0xf539c942036cc7633a1e0015209a1343e9b2dda9,0x71ccf076f39e6657a0d9966becef15b89148b5fc3b17175298119427eb670a06,1773966353,2026-03-20 00:25:53,SELL,Down,0.26,20.0,5.2,"Bitcoin Up or Down - March 19, 8:25PM-8:30PM ET"
24638,1774219183.3600786,wallet_8,0xf539c942036cc7633a1e0015209a1343e9b2dda9,0x4ede7fede14dc3f849f887f4f26ae67c3af094d8a04a5dd3766ad0eb3420a55e,1773966353,2026-03-20 00:25:53,SELL,Down,0.26,15.0,3.9000000000000004,"Bitcoin Up or Down - March 19, 8:25PM-8:30PM ET"
24639,1774219183.3600786,wallet_8,0xf539c942036cc7633a1e0015209a1343e9b2dda9,0x8cd3be79512e45a7b92bca5eb3c8203daa528de12a6a9b6d2e4f1faff28de127,1773966353,2026-03-20 00:25:53,SELL,Down,0.27,15.0,4.050000000000001,"Bitcoin Up or Down - March 19, 8:25PM-8:30PM ET"
24640,1774219183.3600786,wallet_8,0xf539c942036cc7633a1e0015209a1343e9b2dda9,0xf56ef8e3ffbb563984bdafaf0899205358f57a103c185c78d9d8a3eb06527c18,1773966353,2026-03-20 00:25:53,BUY,Down,0.28,15.83743,4.4344804,"Bitcoin Up or Down - March 19, 8:25PM-8:30PM ET"
24641,1774219183.3600786,wallet_8,0xf539c942036cc7633a1e0015209a1343e9b2dda9,0x810a42752981854d711faf6367b9af9b9c8f74531e89695d75a0db87c618b2c4,1773966353,2026-03-20 00:25:53,BUY,Down,0.28,19.79679,5.543101200000001,"Bitcoin Up or Down - March 19, 8:25PM-8:30PM ET"
24642,1774219183.3600786,wallet_8,0xf539c942036cc7633a1e0015209a1343e9b2dda9,0x30cc1307f12e9fc0fa49dd30c80ceb74674908d33e82328389bb965f954b0fdf,1773966337,2026-03-20 00:25:37,SELL,Down,0.24,15.0,3.5999999999999996,"Bitcoin Up or Down - March 19, 8:25PM-8:30PM ET"
24643,1774219183.3600786,wallet_8,0xf539c942036cc7633a1e0015209a1343e9b2dda9,0xa19401caa1685ce9094daf4a79145b1d9d25249ddec8fe822cea07c881e0fcf4,1773966337,2026-03-20 00:25:37,SELL,Down,0.24,15.0,3.5999999999999996,"Bitcoin Up or Down - March 19, 8:25PM-8:30PM ET"
24644,1774219183.3600786,wallet_8,0xf539c942036cc7633a1e0015209a1343e9b2dda9,0xe291bc7de6d4f97b5d9ecef9fcb87e14d37b33a229e54b348ae1286c7d25a0b0,1773966329,2026-03-20 00:25:29,SELL,Down,0.29,16.0,4.64,"Bitcoin Up or Down - March 19, 8:25PM-8:30PM ET"
24645,1774219183.3600786,wallet_8,0xf539c942036cc7633a1e0015209a1343e9b2dda9,0x59bd9f7c84294b867598d707cf8b0450d00b86e888fc9c4889b09d72bf170eb5,1773966327,2026-03-20 00:25:27,SELL,Down,0.3,18.0,5.3999999999999995,"Bitcoin Up or Down - March 19, 8:25PM-8:30PM ET"
24646,1774219183.3600786,wallet_8,0xf539c942036cc7633a1e0015209a1343e9b2dda9,0xb3aecfcc3288781b19c1af334c1d176340033822776936abe1f95e4cd36c11a3,1773966325,2026-03-20 00:25:25,SELL,Down,0.34,15.0,5.1000000000000005,"Bitcoin Up or Down - March 19, 8:25PM-8:30PM ET"
24647,1774219183.3600786,wallet_8,0xf539c942036cc7633a1e0015209a1343e9b2dda9,0x5bd8d0e1a7a9e0a3ab02eedfe1aa9f5bc97da9afbdad7dcc42fa58c87eb08efe,1773966323,2026-03-20 00:25:23,SELL,Down,0.35,15.0,5.25,"Bitcoin Up or Down - March 19, 8:25PM-8:30PM ET"
24648,1774219183.3600786,wallet_8,0xf539c942036cc7633a1e0015209a1343e9b2dda9,0x1740285d9719340769c50e372122bc65cf5511862fd2544dacb51a9ce93ae092,1773966323,2026-03-20 00:25:23,SELL,Down,0.37,16.0,5.92,"Bitcoin Up or Down - March 19, 8:25PM-8:30PM ET"
24649,1774219183.3600786,wallet_8,0xf539c942036cc7633a1e0015209a1343e9b2dda9,0xd494adbb036a418c7ae653175e1b1189ad4efcf93647c6c0ca86ac7de6f74f4b,1773966319,2026-03-20 00:25:19,SELL,Down,0.39,17.0,6.63,"Bitcoin Up or Down - March 19, 8:25PM-8:30PM ET"
24650,1774219183.3600786,wallet_8,0xf539c942036cc7633a1e0015209a1343e9b2dda9,0xf59e4541c11c92b1abcedb0a9d7165fb334f4563d0ba91f9b124f0835fde1962,1773966315,2026-03-20 00:25:15,SELL,Down,0.42,15.0,6.3,"Bitcoin Up or Down - March 19, 8:25PM-8:30PM ET"
24651,1774219183.3600786,wallet_8,0xf539c942036cc7633a1e0015209a1343e9b2dda9,0x4b8cbe4ebd4dd2b4c4ecdc2e4a27459f45da5e1e45f55dc7b11e977417188364,1773966307,2026-03-20 00:25:07,SELL,Down,0.448,15.0,6.72,"Bitcoin Up or Down - March 19, 8:25PM-8:30PM ET"
24652,1774219183.3600786,wallet_8,0xf539c942036cc7633a1e0015209a1343e9b2dda9,0x7844a359de5b7241f60406c467ee0b9c74a779072f9d76a59dc9196c11b34590,1773966305,2026-03-20 00:25:05,SELL,Down,0.49,7.0,3.4299999999999997,"Bitcoin Up or Down - March 19, 8:25PM-8:30PM ET"
24653,1774219183.3600786,wallet_8,0xf539c942036cc7633a1e0015209a1343e9b2dda9,0x70a77ce2768c239e6e1070107a095b355e9d3e748f60621080cf9f94fcf26f33,1773966299,2026-03-20 00:24:59,,,0.0,168.88835,0.0,"Bitcoin Up or Down - March 19, 8:10PM-8:15PM ET"
24654,1774219183.3600786,wallet_8,0xf539c942036cc7633a1e0015209a1343e9b2dda9,0x8fa3db1cc51d0484e3956b004d94e87c5181f706374fe36550af46739765ae31,1773966293,2026-03-20 00:24:53,BUY,Up,0.01,15.99961,0.1599961,"Bitcoin Up or Down - March 19, 8:20PM-8:25PM ET"
24655,1774219183.3600786,wallet_8,0xf539c942036cc7633a1e0015209a1343e9b2dda9,0x1bc465085784f07a889f416ee42d052ca83064d7de125ff9d188c73f769891cb,1773966293,2026-03-20 00:24:53,BUY,Up,0.01,17.99956,0.1799956,"Bitcoin Up or Down - March 19, 8:20PM-8:25PM ET"
24656,1774219183.3600786,wallet_8,0xf539c942036cc7633a1e0015209a1343e9b2dda9,0x9bb5633a04d61d8f21bbb807f4c0755a3bf7329e3abe577bce880412f7991b2e,1773966283,2026-03-20 00:24:43,BUY,Up,0.01,14.99964,0.1499964,"Bitcoin Up or Down - March 19, 8:20PM-8:25PM ET"
24657,1774219183.3600786,wallet_8,0xf539c942036cc7633a1e0015209a1343e9b2dda9,0xf2dc9ca49edbd9eb8b60d6f84e7f72c509c10b1c9e1d5aa6eb1e0cd38944f566,1773966281,2026-03-20 00:24:41,BUY,Up,0.01,14.99964,0.1499964,"Bitcoin Up or Down - March 19, 8:20PM-8:25PM ET"
24658,1774219183.3600786,wallet_8,0xf539c942036cc7633a1e0015209a1343e9b2dda9,0x1610c6ce650e22e36443811fb5b4d75a488f4447b3875048bcaa4613166b5596,1773966281,2026-03-20 00:24:41,BUY,Up,0.01,14.99964,0.1499964,"Bitcoin Up or Down - March 19, 8:20PM-8:25PM ET"
24659,1774219183.3600786,wallet_8,0xf539c942036cc7633a1e0015209a1343e9b2dda9,0xb4cab9e322bc1915a44fbb9014f30cc916780314f64ee385829a35596bfab75f,1773966273,2026-03-20 00:24:33,BUY,Up,0.01,15.99961,0.1599961,"Bitcoin Up or Down - March 19, 8:20PM-8:25PM ET"
24660,1774219183.3600786,wallet_8,0xf539c942036cc7633a1e0015209a1343e9b2dda9,0x691a7ee8c8442aa4de7ba62363795cfb43e35cfc73a4a4ca3e9cd873f67620a0,1773966271,2026-03-20 00:24:31,BUY,Up,0.01,15.99961,0.1599961,"Bitcoin Up or Down - March 19, 8:20PM-8:25PM ET"
24661,1774219183.3600786,wallet_8,0xf539c942036cc7633a1e0015209a1343e9b2dda9,0x39244477b7084da583664a035bd8ce8d35673d9cf06ef8cd78e9f832859922f6,1773966269,2026-03-20 00:24:29,BUY,Up,0.01,17.99956,0.1799956,"Bitcoin Up or Down - March 19, 8:20PM-8:25PM ET"
24662,1774219183.3600786,wallet_8,0xf539c942036cc7633a1e0015209a1343e9b2dda9,0x0f5089e219e3090352d150e395f2dd31420ef839f2a937c68b56db30434fc3bb,1773966265,2026-03-20 00:24:25,BUY,Up,0.01,22.99944,0.22999440000000002,"Bitcoin Up or Down - March 19, 8:20PM-8:25PM ET"
24663,1774219183.3600786,wallet_8,0xf539c942036cc7633a1e0015209a1343e9b2dda9,0xfe65ab586e62ee821947dc87ae3c9299fc436479254a6e246c37e99e10693941,1773966253,2026-03-20 00:24:13,BUY,Up,0.01,14.99964,0.1499964,"Bitcoin Up or Down - March 19, 8:20PM-8:25PM ET"
24664,1774219183.3600786,wallet_8,0xf539c942036cc7633a1e0015209a1343e9b2dda9,0x8dd803b48d979e4d4de67bfd9d0cefc6f0c1e01fc01fec9edca92de37d3da363,1773966251,2026-03-20 00:24:11,BUY,Up,0.01,14.99964,0.1499964,"Bitcoin Up or Down - March 19, 8:20PM-8:25PM ET"
24665,1774219183.3600786,wallet_8,0xf539c942036cc7633a1e0015209a1343e9b2dda9,0x1f60f0ae67a2dcdb706852f432d5afab6ba2cbd3feb21312e76d5648af12ec38,1773966231,2026-03-20 00:23:51,BUY,Up,0.01,18.99954,0.1899954,"Bitcoin Up or Down - March 19, 8:20PM-8:25PM ET"
24666,1774219183.3600786,wallet_8,0xf539c942036cc7633a1e0015209a1343e9b2dda9,0xdd0629070750b06323470811b7ca6f3fa251c60348c1ea78e3ecd06dad8b789f,1773966231,2026-03-20 00:23:51,BUY,Up,0.01,14.99964,0.1499964,"Bitcoin Up or Down - March 19, 8:20PM-8:25PM ET"
24667,1774219183.3600786,wallet_8,0xf539c942036cc7633a1e0015209a1343e9b2dda9,0x124119723fccc265af71663ee64ffe0d590c47204ba870238d56161e2ba363ee,1773966225,2026-03-20 00:23:45,BUY,Up,0.01,11.99971,0.11999710000000001,"Bitcoin Up or Down - March 19, 8:20PM-8:25PM ET"
24668,1774219183.3600786,wallet_8,0xf539c942036cc7633a1e0015209a1343e9b2dda9,0xf0266701494db47b7a45dc7c7621a6600f9bc901e8f28bcc6a85bd3b7afe5c2d,1773966221,2026-03-20 00:23:41,SELL,Up,0.02,14.0,0.28,"Bitcoin Up or Down - March 19, 8:20PM-8:25PM ET"
24669,1774219183.3600786,wallet_8,0xf539c942036cc7633a1e0015209a1343e9b2dda9,0xf0266701494db47b7a45dc7c7621a6600f9bc901e8f28bcc6a85bd3b7afe5c2d,1773966221,2026-03-20 00:23:41,SELL,Up,0.02,12.0,0.24,"Bitcoin Up or Down - March 19, 8:20PM-8:25PM ET"
24672,1774219183.3600786,wallet_8,0xf539c942036cc7633a1e0015209a1343e9b2dda9,0xd3a6486c618801ea7dfe26ef1be1a5f78aac16f16dc728c6a9c5c9c46ab8836e,1773966221,2026-03-20 00:23:41,SELL,Up,0.02,13.0,0.26,"Bitcoin Up or Down - March 19, 8:20PM-8:25PM ET"
24673,1774219183.3600786,wallet_8,0xf539c942036cc7633a1e0015209a1343e9b2dda9,0x9f501a3a81b99e288b75336d3a07d268ad881d4de35d6ca83c2919acea736da9,1773966221,2026-03-20 00:23:41,SELL,Up,0.02,14.0,0.28,"Bitcoin Up or Down - March 19, 8:20PM-8:25PM ET"
24674,1774219183.3600786,wallet_8,0xf539c942036cc7633a1e0015209a1343e9b2dda9,0x3613a2a05f6b5538bd8b4fc65cd02f1131442178efd9b13633c5a4d88d3ee635,1773966211,2026-03-20 00:23:31,SELL,Up,0.02,14.0,0.28,"Bitcoin Up or Down - March 19, 8:20PM-8:25PM ET"
24675,1774219183.3600786,wallet_8,0xf539c942036cc7633a1e0015209a1343e9b2dda9,0x206a75dfb1a8a61d7835d7e5319133f2d12a2a42a3314ae2ca2379aa2ee6fdfe,1773966211,2026-03-20 00:23:31,SELL,Up,0.02,12.0,0.24,"Bitcoin Up or Down - March 19, 8:20PM-8:25PM ET"
24676,1774219183.3600786,wallet_8,0xf539c942036cc7633a1e0015209a1343e9b2dda9,0x2d05377b7322e0ac48d633ba444d26b0c18dbfea0b6a1af079731d12cad5ed4b,1773966209,2026-03-20 00:23:29,SELL,Up,0.02,16.0,0.32,"Bitcoin Up or Down - March 19, 8:20PM-8:25PM ET"
24677,1774219183.3600786,wallet_8,0xf539c942036cc7633a1e0015209a1343e9b2dda9,0x30ea6f9590985ac68d82bd7187e36a15c56bc5353583f41a44666f365c4cf787,1773966209,2026-03-20 00:23:29,SELL,Up,0.02,15.0,0.3,"Bitcoin Up or Down - March 19, 8:20PM-8:25PM ET"
24678,1774219183.3600786,wallet_8,0xf539c942036cc7633a1e0015209a1343e9b2dda9,0x34f21b0e971efaec6be3a9e0b6b8643ab28bef0fae6d13ef76f6e96c883508df,1773966195,2026-03-20 00:23:15,SELL,Up,0.08,13.0,1.04,"Bitcoin Up or Down - March 19, 8:20PM-8:25PM ET"
24679,1774219183.3600786,wallet_8,0xf539c942036cc7633a1e0015209a1343e9b2dda9,0x1127ef8cb1251b52bc5d85f2aa6eae355c797e039cfb1e72b405947d5567ab1c,1773966193,2026-03-20 00:23:13,SELL,Up,0.1,17.0,1.7000000000000002,"Bitcoin Up or Down - March 19, 8:20PM-8:25PM ET"
24680,1774219183.3600786,wallet_8,0xf539c942036cc7633a1e0015209a1343e9b2dda9,0xcc23b5310ff4d68f41dafdf4988228a04ec58c5d542205c49d79f2b84c4c5a5e,1773966191,2026-03-20 00:23:11,SELL,Up,0.09,12.0,1.08,"Bitcoin Up or Down - March 19, 8:20PM-8:25PM ET"
24681,1774219183.3600786,wallet_8,0xf539c942036cc7633a1e0015209a1343e9b2dda9,0x8407460ba6ecadc389e660c78a82ce4293fd315f98d2ec3dbe097f92effaf4ea,1773966191,2026-03-20 00:23:11,SELL,Up,0.1,12.0,1.2000000000000002,"Bitcoin Up or Down - March 19, 8:20PM-8:25PM ET"
24682,1774219183.3600786,wallet_8,0xf539c942036cc7633a1e0015209a1343e9b2dda9,0xa2ff259a7db2a5a7c4af0384c50331c61e6f2595a8174e02eef62b6ff7b0616a,1773966191,2026-03-20 00:23:11,SELL,Up,0.15,19.0,2.85,"Bitcoin Up or Down - March 19, 8:20PM-8:25PM ET"
24683,1774219183.3600786,wallet_8,0xf539c942036cc7633a1e0015209a1343e9b2dda9,0x60de48f72c0ce1d761b27c7239ff121811674c7b8c2a3dd4073beb2e2c79e204,1773966189,2026-03-20 00:23:09,BUY,Up,0.18,12.9292,2.3272559999999998,"Bitcoin Up or Down - March 19, 8:20PM-8:25PM ET"
24684,1774219183.3600786,wallet_8,0xf539c942036cc7633a1e0015209a1343e9b2dda9,0x09f8bfe33fe9291c3c2cdc52368ee438dad94e717f7a387b2185d78a6cadec3e,1773966185,2026-03-20 00:23:05,SELL,Up,0.13,13.0,1.69,"Bitcoin Up or Down - March 19, 8:20PM-8:25PM ET"
24685,1774219183.3600786,wallet_8,0xf539c942036cc7633a1e0015209a1343e9b2dda9,0xcdd49a12f053c24110ef2087acef644cb1286bd8dda0f320facf9d1adb37e27f,1773966185,2026-03-20 00:23:05,SELL,Up,0.16,13.0,2.08,"Bitcoin Up or Down - March 19, 8:20PM-8:25PM ET"
24686,1774219183.3600786,wallet_8,0xf539c942036cc7633a1e0015209a1343e9b2dda9,0xd4cbe68bdd006413d127ca9fef1f6e37a9cfca48663f7e130335d577d2d2b992,1773966185,2026-03-20 00:23:05,SELL,Up,0.17,13.0,2.21,"Bitcoin Up or Down - March 19, 8:20PM-8:25PM ET"
24687,1774219183.3600786,wallet_8,0xf539c942036cc7633a1e0015209a1343e9b2dda9,0xaffe59dd3656504e430d22b31342e32b7cddbbaa2d79eef12e29b1eee424b577,1773966185,2026-03-20 00:23:05,SELL,Up,0.18,12.0,2.16,"Bitcoin Up or Down - March 19, 8:20PM-8:25PM ET"
24688,1774219183.3600786,wallet_8,0xf539c942036cc7633a1e0015209a1343e9b2dda9,0x097525859f5e867831162904b5eb0f6c7908305f56ae2c53bb2611c45990fb75,1773966181,2026-03-20 00:23:01,SELL,Up,0.22,16.0,3.52,"Bitcoin Up or Down - March 19, 8:20PM-8:25PM ET"
24689,1774219183.3600786,wallet_8,0xf539c942036cc7633a1e0015209a1343e9b2dda9,0x577dd003ee1bc26f1f748db94c80035b452af25fe55a94292d20355e10b49676,1773966181,2026-03-20 00:23:01,SELL,Up,0.21,12.0,2.52,"Bitcoin Up or Down - March 19, 8:20PM-8:25PM ET"
24690,1774219183.3600786,wallet_8,0xf539c942036cc7633a1e0015209a1343e9b2dda9,0xf82d33dee6e5cb80e6b521a9f757601c98c087485e78bd383fe2efe7e5e5ddc3,1773966179,2026-03-20 00:22:59,SELL,Up,0.25,12.0,3.0,"Bitcoin Up or Down - March 19, 8:20PM-8:25PM ET"
24691,1774219183.3600786,wallet_8,0xf539c942036cc7633a1e0015209a1343e9b2dda9,0x01d6750c72bd2bf2cefef833fba1c97de65d9a86ec580ce403a73a40fb934f66,1773966179,2026-03-20 00:22:59,SELL,Up,0.24214,15.0,3.6321,"Bitcoin Up or Down - March 19, 8:20PM-8:25PM ET"
24692,1774219183.3600786,wallet_8,0xf539c942036cc7633a1e0015209a1343e9b2dda9,0xa06653585db041ca86d3f9a782c964d39987fa167225da38d0303b2014a6f934,1773966175,2026-03-20 00:22:55,BUY,Up,0.4,11.8272,4.73088,"Bitcoin Up or Down - March 19, 8:20PM-8:25PM ET"
24693,1774219183.3600786,wallet_8,0xf539c942036cc7633a1e0015209a1343e9b2dda9,0xbddd8d621d6c2ceff7af1bd50066636987e7ee036f268ece02eba3c0b3902b4a,1773966175,2026-03-20 00:22:55,BUY,Up,0.35,14.80592,5.182072,"Bitcoin Up or Down - March 19, 8:20PM-8:25PM ET"
24694,1774219183.3600786,wallet_8,0xf539c942036cc7633a1e0015209a1343e9b2dda9,0x09d5331bcc607795d5f66a48bcb1a22463dcd0ccc9e6890f5b9307c6d6dae953,1773966175,2026-03-20 00:22:55,SELL,Up,0.3441666666666667,12.0,4.13,"Bitcoin Up or Down - March 19, 8:20PM-8:25PM ET"
24695,1774219183.3600786,wallet_8,0xf539c942036cc7633a1e0015209a1343e9b2dda9,0x5fe4996ae573e77a1b15c90cf15c041515d818e2f01afeef115ad0edb9dd24c5,1773966173,2026-03-20 00:22:53,,,0.0,239.28337,0.0,"Bitcoin Up or Down - March 19, 8:05PM-8:10PM ET"
24696,1774219183.3600786,wallet_8,0xf539c942036cc7633a1e0015209a1343e9b2dda9,0x9ab96df083b217853a4d4c1980601e826ca05b305ab07877dbf17b7f010b3cb0,1773966173,2026-03-20 00:22:53,BUY,Up,0.38,11.83348,4.4967224,"Bitcoin Up or Down - March 19, 8:20PM-8:25PM ET"
24697,1774219183.3600786,wallet_8,0xf539c942036cc7633a1e0015209a1343e9b2dda9,0x6960f81c61750bffccf047794e85d0e3372b8c7a1e45fe8c46f045b8872bb9a3,1773966163,2026-03-20 00:22:43,BUY,Up,0.29,11.87282,3.4431178,"Bitcoin Up or Down - March 19, 8:20PM-8:25PM ET"
24698,1774219183.3600786,wallet_8,0xf539c942036cc7633a1e0015209a1343e9b2dda9,0x0bb6bcb18b43492dcc957e6a61a017a1124ef873a1ee5c5d5c045a2096957ce9,1773966153,2026-03-20 00:22:33,BUY,Up,0.29,11.87282,3.4431178,"Bitcoin Up or Down - March 19, 8:20PM-8:25PM ET"
24699,1774219183.3600786,wallet_8,0xf539c942036cc7633a1e0015209a1343e9b2dda9,0x7a8c021cca9d1d418381cae7a48a1b716690c90fb602c7631999d19c76907915,1773966153,2026-03-20 00:22:33,BUY,Up,0.28,11.87808,3.3258624000000006,"Bitcoin Up or Down - March 19, 8:20PM-8:25PM ET"
24700,1774219183.3600786,wallet_8,0xf539c942036cc7633a1e0015209a1343e9b2dda9,0xadc59a537f6636857ed1ae0ab1e6877cfc90af433673de2b7ea988f02a4e8d16,1773966153,2026-03-20 00:22:33,BUY,Up,0.27224615384615386,12.87243,3.504469558153846,"Bitcoin Up or Down - March 19, 8:20PM-8:25PM ET"
24701,1774219183.3600786,wallet_8,0xf539c942036cc7633a1e0015209a1343e9b2dda9,0x5010fb17f7df392cf175d2faae3307707704c7171f1b0e1e2af3bd507f774a06,1773966143,2026-03-20 00:22:23,SELL,Up,0.22,30.0,6.6,"Bitcoin Up or Down - March 19, 8:20PM-8:25PM ET"
24702,1774219183.3600786,wallet_8,0xf539c942036cc7633a1e0015209a1343e9b2dda9,0x9240379d5f46b685bc261d2b7c89c9305ce968b6cec4cd44d668925763f3c83a,1773966121,2026-03-20 00:22:01,SELL,Up,0.28,14.0,3.9200000000000004,"Bitcoin Up or Down - March 19, 8:20PM-8:25PM ET"
24703,1774219183.3600786,wallet_8,0xf539c942036cc7633a1e0015209a1343e9b2dda9,0x57f56e37fa5cbdeac57fd1418064bbdac0c8513e29790a644d5c57d1a3af6b52,1773966121,2026-03-20 00:22:01,SELL,Up,0.25,13.0,3.25,"Bitcoin Up or Down - March 19, 8:20PM-8:25PM ET"
24704,1774219183.3600786,wallet_8,0xf539c942036cc7633a1e0015209a1343e9b2dda9,0x509a1b91667da351f934ed6ad5b089a012cfd64f05bbcabb06eea20891cdfcab,1773966119,2026-03-20 00:21:59,SELL,Up,0.2985421052631579,19.0,5.6723,"Bitcoin Up or Down - March 19, 8:20PM-8:25PM ET"
24705,1774219183.3600786,wallet_8,0xf539c942036cc7633a1e0015209a1343e9b2dda9,0xdfe94aac2960244f856968d331cfc2218aac770d3440b6a89abe73479b176f8c,1773966115,2026-03-20 00:21:55,SELL,Up,0.33,24.0,7.92,"Bitcoin Up or Down - March 19, 8:20PM-8:25PM ET"
24706,1774219183.3600786,wallet_8,0xf539c942036cc7633a1e0015209a1343e9b2dda9,0x426778ea8993a5926dd0f3657ec1b45d6a791e9253b8d9f7f04f52977bf3d09b,1773966109,2026-03-20 00:21:49,BUY,Up,0.43,14.77473,6.3531339,"Bitcoin Up or Down - March 19, 8:20PM-8:25PM ET"
24707,1774219183.3600786,wallet_8,0xf539c942036cc7633a1e0015209a1343e9b2dda9,0xab0606e555e76e7dc174605e671246aa289ed42e426bf3d57a4263dcb2d3bb83,1773966107,2026-03-20 00:21:47,BUY,Up,0.40668125,15.76712,6.4121920705,"Bitcoin Up or Down - March 19, 8:20PM-8:25PM ET"
24708,1774219183.3600786,wallet_8,0xf539c942036cc7633a1e0015209a1343e9b2dda9,0x71cb6bf7c0dcb97139b3523d57ea192674db7042f3f4c235b2c9a0fe4fe12706,1773966107,2026-03-20 00:21:47,BUY,Up,0.4,11.8272,4.73088,"Bitcoin Up or Down - March 19, 8:20PM-8:25PM ET"
24709,1774219183.3600786,wallet_8,0xf539c942036cc7633a1e0015209a1343e9b2dda9,0x6f294b669c1f198e9d3b2fb5b97d4e77758d05ff276f4e1eebe7ca2706b288bd,1773966105,2026-03-20 00:21:45,SELL,Up,0.32,14.0,4.48,"Bitcoin Up or Down - March 19, 8:20PM-8:25PM ET"
24710,1774219183.3600786,wallet_8,0xf539c942036cc7633a1e0015209a1343e9b2dda9,0xeed2f09ba9caa0cc929a2e8ae6761f9bcc89e8c36d6e648d95f7e639ff6756ca,1773966095,2026-03-20 00:21:35,BUY,Up,0.37,14.79625,5.4746125,"Bitcoin Up or Down - March 19, 8:20PM-8:25PM ET"
24711,1774219183.3600786,wallet_8,0xf539c942036cc7633a1e0015209a1343e9b2dda9,0xc2cdef870af6b700c392a34f6bedc0e1d93b2b4070f2b637dd502e7f3016c54d,1773966089,2026-03-20 00:21:29,BUY,Up,0.33,14.81669,4.8895077,"Bitcoin Up or Down - March 19, 8:20PM-8:25PM ET"
24712,1774219183.3600786,wallet_8,0xf539c942036cc7633a1e0015209a1343e9b2dda9,0xbef4dc7fc4c938dc6d678463943ab709f81ac851495beb305ba3861ec28261d3,1773966089,2026-03-20 00:21:29,BUY,Up,0.35,22.70241,7.9458435,"Bitcoin Up or Down - March 19, 8:20PM-8:25PM ET"
24713,1774219183.3600786,wallet_8,0xf539c942036cc7633a1e0015209a1343e9b2dda9,0xb0381dded4ea8310a6af012d7a0d74e929ac25fbb68b6fcd45055b6a8e23a925,1773966085,2026-03-20 00:21:25,SELL,Up,0.25,18.0,4.5,"Bitcoin Up or Down - March 19, 8:20PM-8:25PM ET"
24714,1774219183.3600786,wallet_8,0xf539c942036cc7633a1e0015209a1343e9b2dda9,0x77af60c06b62078c2327278f31d2196be044c460841e37649b88ad4679442dd9,1773966083,2026-03-20 00:21:23,SELL,Up,0.27,16.0,4.32,"Bitcoin Up or Down - March 19, 8:20PM-8:25PM ET"
24715,1774219183.3600786,wallet_8,0xf539c942036cc7633a1e0015209a1343e9b2dda9,0x55157a6effdfbc71c0aea8109c410fd6386d18f3fe50995375778ed24aab51b0,1773966081,2026-03-20 00:21:21,SELL,Up,0.34,15.0,5.1000000000000005,"Bitcoin Up or Down - March 19, 8:20PM-8:25PM ET"
24716,1774219183.3600786,wallet_8,0xf539c942036cc7633a1e0015209a1343e9b2dda9,0x8bc1daf15446a79a12baae932b5dba0d857bf9f1fda43baddeb8ee99b26c7c8d,1773966081,2026-03-20 00:21:21,SELL,Up,0.3,15.0,4.5,"Bitcoin Up or Down - March 19, 8:20PM-8:25PM ET"
24717,1774219183.3600786,wallet_8,0xf539c942036cc7633a1e0015209a1343e9b2dda9,0xe743ad26d9d126714d3db5029d0b1fd1b100967e23c32fd1cbccda0702857ec4,1773966081,2026-03-20 00:21:21,SELL,Up,0.31,16.0,4.96,"Bitcoin Up or Down - March 19, 8:20PM-8:25PM ET"
24718,1774219183.3600786,wallet_8,0xf539c942036cc7633a1e0015209a1343e9b2dda9,0x620e56d7f1a30100070d539fd0c74eb78822e72ce76c2b3d0fcb0c3694743b6e,1773966075,2026-03-20 00:21:15,SELL,Up,0.4,15.0,6.0,"Bitcoin Up or Down - March 19, 8:20PM-8:25PM ET"
24719,1774219183.3600786,wallet_8,0xf539c942036cc7633a1e0015209a1343e9b2dda9,0x72692d8a219f9d08b0bf7000ac4a415b73ed3c0338dac951ad1295d7f2612bd8,1773966069,2026-03-20 00:21:09,BUY,Up,0.46,14.76862,6.793565200000001,"Bitcoin Up or Down - March 19, 8:20PM-8:25PM ET"
24720,1774219183.3600786,wallet_8,0xf539c942036cc7633a1e0015209a1343e9b2dda9,0xa66d2394a69c03f804ee754104aa9305840c07246188e4c37a1f2ce144262afa,1773966063,2026-03-20 00:21:03,BUY,Up,0.46,22.64522,10.4168012,"Bitcoin Up or Down - March 19, 8:20PM-8:25PM ET"
24721,1774219183.3600786,wallet_8,0xf539c942036cc7633a1e0015209a1343e9b2dda9,0x3699ad50048fbf334dd0ebe31395f8354d29bd622086ea52d518ac5eaf7ef886,1773966063,2026-03-20 00:21:03,SELL,Up,0.39,15.0,5.8500000000000005,"Bitcoin Up or Down - March 19, 8:20PM-8:25PM ET"
24722,1774219183.3600786,wallet_8,0xf539c942036cc7633a1e0015209a1343e9b2dda9,0x40c38076a89c16485f987966150d19d4b233627ee2e51e6bdb145041ce4bb9b5,1773966063,2026-03-20 00:21:03,SELL,Up,0.4063733333333333,15.0,6.095599999999999,"Bitcoin Up or Down - March 19, 8:20PM-8:25PM ET"
24723,1774219183.3600786,wallet_8,0xf539c942036cc7633a1e0015209a1343e9b2dda9,0x6ff41208816cbc8ce14b507b534b4a399d88dd67de5de8a02afcd1232f6edcb3,1773966059,2026-03-20 00:20:59,SELL,Up,0.37,20.0,7.4,"Bitcoin Up or Down - March 19, 8:20PM-8:25PM ET"
24724,1774219183.3600786,wallet_8,0xf539c942036cc7633a1e0015209a1343e9b2dda9,0xba7de029c172e48f241f0a2f81e031ea52e0a05041c9459fe4b842e05ba4acd4,1773966059,2026-03-20 00:20:59,SELL,Up,0.38,15.0,5.7,"Bitcoin Up or Down - March 19, 8:20PM-8:25PM ET"
24725,1774219183.3600786,wallet_8,0xf539c942036cc7633a1e0015209a1343e9b2dda9,0xd17c4b9cf159df00a74bff4b3aa7d22ed099d21f6cd4df3a74d792f6f45f5666,1773966059,2026-03-20 00:20:59,SELL,Up,0.38,15.0,5.7,"Bitcoin Up or Down - March 19, 8:20PM-8:25PM ET"
24726,1774219183.3600786,wallet_8,0xf539c942036cc7633a1e0015209a1343e9b2dda9,0x321193590269d19d299a3302162fabd5f0185992636b3080bee4ec530650ab61,1773966053,2026-03-20 00:20:53,BUY,Up,0.46,20.67607,9.5109922,"Bitcoin Up or Down - March 19, 8:20PM-8:25PM ET"
24727,1774219183.3600786,wallet_8,0xf539c942036cc7633a1e0015209a1343e9b2dda9,0xc6180922f01e29d4b71c11e638ae68fa1def0c60358e398c3f28f44319a7432b,1773966053,2026-03-20 00:20:53,BUY,Up,0.45,30.52527,13.7363715,"Bitcoin Up or Down - March 19, 8:20PM-8:25PM ET"
24728,1774219183.3600786,wallet_8,0xf539c942036cc7633a1e0015209a1343e9b2dda9,0x910674f90e58dcba52d359b98d0f3fc650703f20269c92a7c99aecb128bbb286,1773966047,2026-03-20 00:20:47,,,0.0,492.70277,0.0,"Bitcoin Up or Down - March 19, 8:15PM-8:20PM ET"
24729,1774219183.3600786,wallet_8,0xf539c942036cc7633a1e0015209a1343e9b2dda9,0x212773079ce078503588faf54bf98fd0eed28261bc14431072603f28ecf19a4c,1773966041,2026-03-20 00:20:41,SELL,Up,0.38,14.0,5.32,"Bitcoin Up or Down - March 19, 8:20PM-8:25PM ET"
24730,1774219183.3600786,wallet_8,0xf539c942036cc7633a1e0015209a1343e9b2dda9,0x0986a28215a4781c628a25b5afb26d58f686f2116eb8cb9e1ba97d2663da6273,1773966041,2026-03-20 00:20:41,SELL,Up,0.38,19.0,7.22,"Bitcoin Up or Down - March 19, 8:20PM-8:25PM ET"
24731,1774219183.3600786,wallet_8,0xf539c942036cc7633a1e0015209a1343e9b2dda9,0x120288dfc6d6a3d12cbc35e2e0d615de0c43449309faaec509926c292d174a2a,1773966041,2026-03-20 00:20:41,SELL,Up,0.4,14.0,5.6000000000000005,"Bitcoin Up or Down - March 19, 8:20PM-8:25PM ET"
24732,1774219183.3600786,wallet_8,0xf539c942036cc7633a1e0015209a1343e9b2dda9,0x311a3179299718073ef265de3851541de190bc25682c538af7347487c3f325f0,1773966041,2026-03-20 00:20:41,SELL,Up,0.41,13.0,5.33,"Bitcoin Up or Down - March 19, 8:20PM-8:25PM ET"
24733,1774219183.3600786,wallet_8,0xf539c942036cc7633a1e0015209a1343e9b2dda9,0x59dbf73830a3179c1f8728147ffcd0b9047b351c6d8eb1bfe161e64d5e6f7c2f,1773966041,2026-03-20 00:20:41,BUY,Down,0.58,13.79231,7.9995398,"Bitcoin Up or Down - March 19, 8:20PM-8:25PM ET"
24734,1774219183.3600786,wallet_8,0xf539c942036cc7633a1e0015209a1343e9b2dda9,0xa7d221fa237633eff1d79fac264cdb940896fbf8f7cc2fe7816da6320bcd77e5,1773966041,2026-03-20 00:20:41,BUY,Down,0.58,15.76264,9.1423312,"Bitcoin Up or Down - March 19, 8:20PM-8:25PM ET"
24735,1774219183.3600786,wallet_8,0xf539c942036cc7633a1e0015209a1343e9b2dda9,0xccb362b05a217e25cf400d134c045abec837baf32b5308bd0ef3004ca8935779,1773966039,2026-03-20 00:20:39,,,0.5,700.0,350.0,"Bitcoin Up or Down - March 19, 8:30PM-8:35PM ET"
24736,1774219183.3600786,wallet_8,0xf539c942036cc7633a1e0015209a1343e9b2dda9,0xcac736cfa9580502a8a44b0794580f1fe6e383a1a4537a6f97e3ee8f3e0b83e9,1773966035,2026-03-20 00:20:35,SELL,Down,0.4575,13.0,5.9475,"Bitcoin Up or Down - March 19, 8:20PM-8:25PM ET"
24737,1774219183.3600786,wallet_8,0xf539c942036cc7633a1e0015209a1343e9b2dda9,0x0366c5de2c2896866c0be84bc68a7e17233b57c6835cab4aab129b90458d87eb,1773966031,2026-03-20 00:20:31,BUY,Down,0.53,11.81385,6.2613405,"Bitcoin Up or Down - March 19, 8:20PM-8:25PM ET"
24738,1774219183.3600786,wallet_8,0xf539c942036cc7633a1e0015209a1343e9b2dda9,0x5e017f97bd48c3daad6b8e91d3e193e3a980d213f613031788b9a3577c66f09b,1773966019,2026-03-20 00:20:19,SELL,Down,0.49,13.0,6.37,"Bitcoin Up or Down - March 19, 8:20PM-8:25PM ET"
24739,1774219183.3600786,wallet_8,0xf539c942036cc7633a1e0015209a1343e9b2dda9,0xde67cd0e4d63af51ed8ab347f0893aa6302ca4d706c9f2109800c14f96762113,1773966019,2026-03-20 00:20:19,SELL,Down,0.49,16.0,7.84,"Bitcoin Up or Down - March 19, 8:20PM-8:25PM ET"
24740,1774219183.3600786,wallet_8,0xf539c942036cc7633a1e0015209a1343e9b2dda9,0x3151ca4f70a5c4180955ecf9e93589e64753c1450693d0e627b5461b65559469,1773966011,2026-03-20 00:20:11,SELL,Down,0.53,15.0,7.95,"Bitcoin Up or Down - March 19, 8:20PM-8:25PM ET"
24741,1774219183.3600786,wallet_8,0xf539c942036cc7633a1e0015209a1343e9b2dda9,0x62872576d484f3c057e76717f369231ccc28244dd3d76c8a12c3290fae00cfa8,1773966011,2026-03-20 00:20:11,BUY,Up,0.46,11.8149,5.4348540000000005,"Bitcoin Up or Down - March 19, 8:20PM-8:25PM ET"
24742,1774219183.3600786,wallet_8,0xf539c942036cc7633a1e0015209a1343e9b2dda9,0x4841f639ca46dc4e53f4fec10a99487a3060fc76f5e974a3c195fc924cc937f3,1773966011,2026-03-20 00:20:11,BUY,Up,0.46,14.76862,6.793565200000001,"Bitcoin Up or Down - March 19, 8:20PM-8:25PM ET"
24743,1774219183.3600786,wallet_8,0xf539c942036cc7633a1e0015209a1343e9b2dda9,0xfb3f083e49ce477f53ad60b89057ef4d37fc744b5ff2e6fd445ca19b83be8c30,1773966011,2026-03-20 00:20:11,BUY,Up,0.45776666666666666,11.81517,5.408590987,"Bitcoin Up or Down - March 19, 8:20PM-8:25PM ET"
24744,1774219183.3600786,wallet_8,0xf539c942036cc7633a1e0015209a1343e9b2dda9,0xa7ce027c586e636b831314cf80e0dcc8354884a444dd05ea12a8080cac63311d,1773966005,2026-03-20 00:20:05,SELL,Up,0.42,54.0,22.68,"Bitcoin Up or Down - March 19, 8:20PM-8:25PM ET"
24745,1774219183.3600786,wallet_8,0xf539c942036cc7633a1e0015209a1343e9b2dda9,0x106953c4028bb1d12f55323d7555d426dd821b540310bca0d4d528fab70c925d,1773965993,2026-03-20 00:19:53,SELL,Down,0.02,15.0,0.3,"Bitcoin Up or Down - March 19, 8:15PM-8:20PM ET"
24746,1774219183.3600786,wallet_8,0xf539c942036cc7633a1e0015209a1343e9b2dda9,0x6df9410ffaa28d61f3865bfc1490fde8ce60734465ddf3c8fddd38bd1906f87d,1773965991,2026-03-20 00:19:51,SELL,Down,0.02,12.0,0.24,"Bitcoin Up or Down - March 19, 8:15PM-8:20PM ET"
24747,1774219183.3600786,wallet_8,0xf539c942036cc7633a1e0015209a1343e9b2dda9,0xb8eacdef06f5dd602b30c4b5e76b2e62375b0c79281f0c564c987aee9e2612c1,1773965991,2026-03-20 00:19:51,SELL,Down,0.02,14.0,0.28,"Bitcoin Up or Down - March 19, 8:15PM-8:20PM ET"
24748,1774219183.3600786,wallet_8,0xf539c942036cc7633a1e0015209a1343e9b2dda9,0x378402dde0b164e0256c428e99cd86ad37f3f3ccc109369a6abbee97fc4334ac,1773965991,2026-03-20 00:19:51,SELL,Down,0.02,12.0,0.24,"Bitcoin Up or Down - March 19, 8:15PM-8:20PM ET"
24749,1774219183.3600786,wallet_8,0xf539c942036cc7633a1e0015209a1343e9b2dda9,0x0fbbe7cd7050419617a6c00bb7e6a94eee52fb7293fe769743592b12da3dffdb,1773965979,2026-03-20 00:19:39,BUY,Down,0.07,12.98623,0.9090361000000001,"Bitcoin Up or Down - March 19, 8:15PM-8:20PM ET"
24750,1774219183.3600786,wallet_8,0xf539c942036cc7633a1e0015209a1343e9b2dda9,0xc64e0f13a057ce3813d021d2e7530a8358e2381d6aad2321436ebd98be752075,1773965973,2026-03-20 00:19:33,SELL,Down,0.03,12.0,0.36,"Bitcoin Up or Down - March 19, 8:15PM-8:20PM ET"
24751,1774219183.3600786,wallet_8,0xf539c942036cc7633a1e0015209a1343e9b2dda9,0x22044b533a643d980327f4ec63a934e17049920932c654bac7eeb7dea2ae5899,1773965971,2026-03-20 00:19:31,SELL,Down,0.06,14.0,0.84,"Bitcoin Up or Down - March 19, 8:15PM-8:20PM ET"
24752,1774219183.3600786,wallet_8,0xf539c942036cc7633a1e0015209a1343e9b2dda9,0x935d9db8132c8578bcf52c5cf2074bfa51ab0b36d0fd937c500725b92c5ecccf,1773965969,2026-03-20 00:19:29,SELL,Down,0.07,13.0,0.9100000000000001,"Bitcoin Up or Down - March 19, 8:15PM-8:20PM ET"
24753,1774219183.3600786,wallet_8,0xf539c942036cc7633a1e0015209a1343e9b2dda9,0x539c714c9e0781b98f4da896b5702f43676658fc887c3726dffdd4d294d6df3d,1773965965,2026-03-20 00:19:25,SELL,Down,0.13770833333333332,12.0,1.6524999999999999,"Bitcoin Up or Down - March 19, 8:15PM-8:20PM ET"
24754,1774219183.3600786,wallet_8,0xf539c942036cc7633a1e0015209a1343e9b2dda9,0xadbdf8816fb8343a414ea47ed70e6935c7fca84eff5bf7f1dd52b76ad2cbf473,1773965957,2026-03-20 00:19:17,SELL,Down,0.23,12.0,2.7600000000000002,"Bitcoin Up or Down - March 19, 8:15PM-8:20PM ET"
24755,1774219183.3600786,wallet_8,0xf539c942036cc7633a1e0015209a1343e9b2dda9,0x434ca6f2a6e851562df195728486e572f5cfa0a32d8b4226490401255452771a,1773965955,2026-03-20 00:19:15,BUY,Down,0.3,11.8677,3.56031,"Bitcoin Up or Down - March 19, 8:15PM-8:20PM ET"
24756,1774219183.3600786,wallet_8,0xf539c942036cc7633a1e0015209a1343e9b2dda9,0x4217465539ee92413cbecc6786a760b27220ff84e38fb5b1f799f3a44321a344,1773965951,2026-03-20 00:19:11,BUY,Down,0.2,12.9168,2.5833600000000003,"Bitcoin Up or Down - March 19, 8:15PM-8:20PM ET"
24757,1774219183.3600786,wallet_8,0xf539c942036cc7633a1e0015209a1343e9b2dda9,0x65ded758d1b82f8bae8fe478c885104302b012cb13a10dbbeac3001c04a82c51,1773965951,2026-03-20 00:19:11,BUY,Down,0.32,13.83428,4.4269696,"Bitcoin Up or Down - March 19, 8:15PM-8:20PM ET"
24758,1774219183.3600786,wallet_8,0xf539c942036cc7633a1e0015209a1343e9b2dda9,0xde4fefb7836e8686fafceba35ce5ab9a1f2786196255f672ed650f3f90f2fa83,1773965951,2026-03-20 00:19:11,BUY,Down,0.27,11.88346,3.2085342,"Bitcoin Up or Down - March 19, 8:15PM-8:20PM ET"
24759,1774219183.3600786,wallet_8,0xf539c942036cc7633a1e0015209a1343e9b2dda9,0x3e2cdcb2bf35bddc8fe8ae6561a990589a60ce838ff4756bae46da899a6c1cb0,1773965951,2026-03-20 00:19:11,BUY,Down,0.29,12.86222,3.7300438,"Bitcoin Up or Down - March 19, 8:15PM-8:20PM ET"
24760,1774219183.3600786,wallet_8,0xf539c942036cc7633a1e0015209a1343e9b2dda9,0xd2c97be5421b075f1709636595891588962d01de15f4e35a1311aad645b47aca,1773965951,2026-03-20 00:19:11,BUY,Down,0.24,12.89188,3.0940512,"Bitcoin Up or Down - March 19, 8:15PM-8:20PM ET"
24761,1774219183.3600786,wallet_8,0xf539c942036cc7633a1e0015209a1343e9b2dda9,0xc5899770ff33e72273bc51940cb33b61b92913a45da8a236131bf7cebf6ae985,1773965949,2026-03-20 00:19:09,BUY,Down,0.17,12.9353,2.199001,"Bitcoin Up or Down - March 19, 8:15PM-8:20PM ET"
24762,1774219183.3600786,wallet_8,0xf539c942036cc7633a1e0015209a1343e9b2dda9,0xb6dd5c4ae4de61887b4f6164708ac3e4ad1c609ff33d61da4a8e53596a358f9c,1773965949,2026-03-20 00:19:09,BUY,Down,0.17,11.94028,2.0298476,"Bitcoin Up or Down - March 19, 8:15PM-8:20PM ET"
24763,1774219183.3600786,wallet_8,0xf539c942036cc7633a1e0015209a1343e9b2dda9,0x8ba0269b783be7d7680c56c14e0b1d4cfdc1757c5703a7d397e712a75a6a56b6,1773965949,2026-03-20 00:19:09,BUY,Down,0.07,11.98729,0.8391103000000001,"Bitcoin Up or Down - March 19, 8:15PM-8:20PM ET"
24764,1774219183.3600786,wallet_8,0xf539c942036cc7633a1e0015209a1343e9b2dda9,0xdaac77a9390800aeb0814849cd7164fba27f1c8ba4a9b009f32def1139e9e779,1773965949,2026-03-20 00:19:09,BUY,Down,0.15,12.94717,1.9420754999999998,"Bitcoin Up or Down - March 19, 8:15PM-8:20PM ET"
24765,1774219183.3600786,wallet_8,0xf539c942036cc7633a1e0015209a1343e9b2dda9,0x0b295e552613e5f71ed4f820a0f5cce86f49148ffa3f813833cbd67560f1396e,1773965947,2026-03-20 00:19:07,BUY,Down,0.06,11.99046,0.7194276000000001,"Bitcoin Up or Down - March 19, 8:15PM-8:20PM ET"
24766,1774219183.3600786,wallet_8,0xf539c942036cc7633a1e0015209a1343e9b2dda9,0xde8e57391de149db110e8fc315332b0891fcc7ebd9c87bc5499e82e1bce7443d,1773965947,2026-03-20 00:19:07,BUY,Down,0.05,12.99267,0.6496335000000001,"Bitcoin Up or Down - March 19, 8:15PM-8:20PM ET"
24767,1774219183.3600786,wallet_8,0xf539c942036cc7633a1e0015209a1343e9b2dda9,0x69ebc78a9bc0b2df343ec14929f22ced77738233c6fb7407dac2338442a5cfa3,1773965947,2026-03-20 00:19:07,BUY,Down,0.05,13.99211,0.6996055000000001,"Bitcoin Up or Down - March 19, 8:15PM-8:20PM ET"
24768,1774219183.3600786,wallet_8,0xf539c942036cc7633a1e0015209a1343e9b2dda9,0x2b385971868ec1062aca3ba0729b0d6a386cf78a8cefc8aad0ca491b5829a7b0,1773965945,2026-03-20 00:19:05,BUY,Down,0.05,12.99267,0.6496335000000001,"Bitcoin Up or Down - March 19, 8:15PM-8:20PM ET"
24769,1774219183.3600786,wallet_8,0xf539c942036cc7633a1e0015209a1343e9b2dda9,0x36f242112433ddea1614306b6a71b77a6a5c30296f6f65236b13604003f65c60,1773965945,2026-03-20 00:19:05,BUY,Down,0.05,11.99324,0.599662,"Bitcoin Up or Down - March 19, 8:15PM-8:20PM ET"
24770,1774219183.3600786,wallet_8,0xf539c942036cc7633a1e0015209a1343e9b2dda9,0x0cec0020866d796c5d79ce48bb46fb0d3cfb14d3e3629d1b51dfd9250b3628b7,1773965933,2026-03-20 00:18:53,SELL,Down,0.02,13.0,0.26,"Bitcoin Up or Down - March 19, 8:15PM-8:20PM ET"
24771,1774219183.3600786,wallet_8,0xf539c942036cc7633a1e0015209a1343e9b2dda9,0x38ae055ee9332b317925baa3e972b9b29e235b523f4ca530e4ee1acb3e29073e,1773965929,2026-03-20 00:18:49,BUY,Down,0.02,11.99885,0.239977,"Bitcoin Up or Down - March 19, 8:15PM-8:20PM ET"
24772,1774219183.3600786,wallet_8,0xf539c942036cc7633a1e0015209a1343e9b2dda9,0x178e79b52896a5dce87805b76a77ee7966dbae01eb5456179e61cc3f86abdea4,1773965929,2026-03-20 00:18:49,SELL,Down,0.02,23.0,0.46,"Bitcoin Up or Down - March 19, 8:15PM-8:20PM ET"
24773,1774219183.3600786,wallet_8,0xf539c942036cc7633a1e0015209a1343e9b2dda9,0xf41902d15a22f34b09bd959dda3d8e0d4df69cb0729119035c7b50d33d61f57c,1773965925,2026-03-20 00:18:45,BUY,Down,0.05,13.99211,0.6996055000000001,"Bitcoin Up or Down - March 19, 8:15PM-8:20PM ET"
24774,1774219183.3600786,wallet_8,0xf539c942036cc7633a1e0015209a1343e9b2dda9,0xe7a109c84644ed566c6f954531f8ab0c3480bcd0e18de9f6d7bb9409103ec23b,1773965925,2026-03-20 00:18:45,,,0.0,455.71663,0.0,"Bitcoin Up or Down - March 19, 8:05PM-8:10PM ET"
24775,1774219183.3600786,wallet_8,0xf539c942036cc7633a1e0015209a1343e9b2dda9,0x1e5ef5c2af1caa9991bcc1a179fcefcbb976cc66451828da3e67424fb58dbd76,1773965923,2026-03-20 00:18:43,SELL,Down,0.03,12.0,0.36,"Bitcoin Up or Down - March 19, 8:15PM-8:20PM ET"
24776,1774219183.3600786,wallet_8,0xf539c942036cc7633a1e0015209a1343e9b2dda9,0x654ff041aa2d6a960217a274860762301ea1cae41007f6f0df17423610a78ee2,1773965923,2026-03-20 00:18:43,SELL,Down,0.03,13.0,0.39,"Bitcoin Up or Down - March 19, 8:15PM-8:20PM ET"
24777,1774219183.3600786,wallet_8,0xf539c942036cc7633a1e0015209a1343e9b2dda9,0x9a4d4d3855d780a7fcf26f8831d7b5ee62084d82f809b73b124ee8b9bf2c3836,1773965913,2026-03-20 00:18:33,BUY,Down,0.09,15.97317,1.4375852999999998,"Bitcoin Up or Down - March 19, 8:15PM-8:20PM ET"
24778,1774219183.3600786,wallet_8,0xf539c942036cc7633a1e0015209a1343e9b2dda9,0xa0b8eff561732f798e66fd6fd06bd52eca98cf522029f6ae49ecd23a41e460ee,1773965911,2026-03-20 00:18:31,BUY,Down,0.07,15.98305,1.1188135000000001,"Bitcoin Up or Down - March 19, 8:15PM-8:20PM ET"
24779,1774219183.3600786,wallet_8,0xf539c942036cc7633a1e0015209a1343e9b2dda9,0x4fdb242a39c5fb4599047c1d9aa1de4bc05a8a65208417cdcc5ae6ab206a588d,1773965911,2026-03-20 00:18:31,BUY,Down,0.07,16.98199,1.1887393000000002,"Bitcoin Up or Down - March 19, 8:15PM-8:20PM ET"
24780,1774219183.3600786,wallet_8,0xf539c942036cc7633a1e0015209a1343e9b2dda9,0x6726ede3d359e6d01f3e4ead1c9383b67420722169e70e3d8ece969d3af9098b,1773965909,2026-03-20 00:18:29,BUY,Down,0.07,14.98411,1.0488877,"Bitcoin Up or Down - March 19, 8:15PM-8:20PM ET"
24781,1774219183.3600786,wallet_8,0xf539c942036cc7633a1e0015209a1343e9b2dda9,0xe89206aae16d42a7c28f84fc04977361f273c3c5fdebd64550d49f6cc536eba1,1773965909,2026-03-20 00:18:29,BUY,Down,0.06,14.98808,0.8992848,"Bitcoin Up or Down - March 19, 8:15PM-8:20PM ET"
24782,1774219183.3600786,wallet_8,0xf539c942036cc7633a1e0015209a1343e9b2dda9,0xf69d199e2944ced8a065b6e9093c7d45e43a04813978b930e4967e7121843b85,1773965907,2026-03-20 00:18:27,BUY,Down,0.06,14.98808,0.8992848,"Bitcoin Up or Down - March 19, 8:15PM-8:20PM ET"
24783,1774219183.3600786,wallet_8,0xf539c942036cc7633a1e0015209a1343e9b2dda9,0x70fa02f24be73b53039fc9846f1c2d0d1d5d38acdee6122b5368d8c6dde6b165,1773965903,2026-03-20 00:18:23,SELL,Down,0.07,15.0,1.05,"Bitcoin Up or Down - March 19, 8:15PM-8:20PM ET"
24784,1774219183.3600786,wallet_8,0xf539c942036cc7633a1e0015209a1343e9b2dda9,0x8aea2b417e3b2c9e91ddea81876f09e5d8c87b313ead55499ede99296f913999,1773965899,2026-03-20 00:18:19,SELL,Down,0.07,16.0,1.12,"Bitcoin Up or Down - March 19, 8:15PM-8:20PM ET"
24785,1774219183.3600786,wallet_8,0xf539c942036cc7633a1e0015209a1343e9b2dda9,0x2022acfa3e0c4601f2d4ee6baf3ec5963d5c5f3d103990b511eb250f1f6c7940,1773965897,2026-03-20 00:18:17,SELL,Down,0.08,16.0,1.28,"Bitcoin Up or Down - March 19, 8:15PM-8:20PM ET"
24786,1774219183.3600786,wallet_8,0xf539c942036cc7633a1e0015209a1343e9b2dda9,0x30b70578af04cd49c65864b40832e71b88c46c51300fd91fd980828e5323bc5f,1773965895,2026-03-20 00:18:15,SELL,Down,0.1,15.0,1.5,"Bitcoin Up or Down - March 19, 8:15PM-8:20PM ET"
24787,1774219183.3600786,wallet_8,0xf539c942036cc7633a1e0015209a1343e9b2dda9,0x1198cd2b99ee0ba3978cd08419de3543a28eb66594d562410f8de04265259fa2,1773965893,2026-03-20 00:18:13,SELL,Down,0.1,29.0,2.9000000000000004,"Bitcoin Up or Down - March 19, 8:15PM-8:20PM ET"
24788,1774219183.3600786,wallet_8,0xf539c942036cc7633a1e0015209a1343e9b2dda9,0x3daa3ef467b34c069d740172d0384201b9ef9b35461ac921ed82776f89b64f69,1773965887,2026-03-20 00:18:07,SELL,Down,0.13,17.0,2.21,"Bitcoin Up or Down - March 19, 8:15PM-8:20PM ET"
24789,1774219183.3600786,wallet_8,0xf539c942036cc7633a1e0015209a1343e9b2dda9,0xdc99fd430a694756f04efc73907a97a00c574d3c5bd594287b453abc98ccb63f,1773965885,2026-03-20 00:18:05,SELL,Down,0.15,15.0,2.25,"Bitcoin Up or Down - March 19, 8:15PM-8:20PM ET"
24790,1774219183.3600786,wallet_8,0xf539c942036cc7633a1e0015209a1343e9b2dda9,0x135748d66c98b17a4bc6b9d4d97c31c2f990b1216478a5687bb9552732b82fd7,1773965883,2026-03-20 00:18:03,SELL,Down,0.17,15.0,2.5500000000000003,"Bitcoin Up or Down - March 19, 8:15PM-8:20PM ET"
24791,1774219183.3600786,wallet_8,0xf539c942036cc7633a1e0015209a1343e9b2dda9,0x3f5ddd56e8238066016fcd577898b6f29eb772f42dd0b6ce1ba0d3ffe72f9723,1773965881,2026-03-20 00:18:01,SELL,Down,0.19,15.0,2.85,"Bitcoin Up or Down - March 19, 8:15PM-8:20PM ET"
24792,1774219183.3600786,wallet_8,0xf539c942036cc7633a1e0015209a1343e9b2dda9,0x1621de517ec00141eeda142e9b9e67d978b2cfdbce886511f3552496c26c7a1d,1773965863,2026-03-20 00:17:43,SELL,Down,0.24,24.0,5.76,"Bitcoin Up or Down - March 19, 8:15PM-8:20PM ET"
24793,1774219183.3600786,wallet_8,0xf539c942036cc7633a1e0015209a1343e9b2dda9,0xf1583b1f811db748365400f696cf1dc7e21d14cd0b3137027008ee076cbc3c0d,1773965861,2026-03-20 00:17:41,SELL,Down,0.26,15.0,3.9000000000000004,"Bitcoin Up or Down - March 19, 8:15PM-8:20PM ET"
24794,1774219183.3600786,wallet_8,0xf539c942036cc7633a1e0015209a1343e9b2dda9,0xda3952fecae852fbb5fc2a95433fef27db6b264ef90564ceb22e1430e023b1bc,1773965849,2026-03-20 00:17:29,SELL,Down,0.30005,18.0,5.4009,"Bitcoin Up or Down - March 19, 8:15PM-8:20PM ET"
24795,1774219183.3600786,wallet_8,0xf539c942036cc7633a1e0015209a1343e9b2dda9,0xac282ea21605bdad0ad694cc5c9ea948482cec9b13568464537c055496a7aee5,1773965849,2026-03-20 00:17:29,SELL,Down,0.3195866666666667,15.0,4.7938,"Bitcoin Up or Down - March 19, 8:15PM-8:20PM ET"
24796,1774219183.3600786,wallet_8,0xf539c942036cc7633a1e0015209a1343e9b2dda9,0x72c16fe159767430dad4ef708b852abd3164446bce253a88256748c3026d7cb6,1773965843,2026-03-20 00:17:23,SELL,Down,0.36,18.0,6.4799999999999995,"Bitcoin Up or Down - March 19, 8:15PM-8:20PM ET"
24797,1774219183.3600786,wallet_8,0xf539c942036cc7633a1e0015209a1343e9b2dda9,0x9d4bc79ecbd773a63038d37459e47019affcfa0482412e3f0a425da2192403fb,1773965843,2026-03-20 00:17:23,SELL,Down,0.37,15.0,5.55,"Bitcoin Up or Down - March 19, 8:15PM-8:20PM ET"
24798,1774219183.3600786,wallet_8,0xf539c942036cc7633a1e0015209a1343e9b2dda9,0x244b613b9399c5d2326b429d63b3b30a3e68c5676fe0a208b3cb6cbe0a97d9a5,1773965841,2026-03-20 00:17:21,BUY,Down,0.51,14.76582,7.5305682,"Bitcoin Up or Down - March 19, 8:15PM-8:20PM ET"
24799,1774219183.3600786,wallet_8,0xf539c942036cc7633a1e0015209a1343e9b2dda9,0x43a01847e00cb78bea6e6126cda51f6eaeebe18c30ed4727dc6ab832d4239ce3,1773965835,2026-03-20 00:17:15,BUY,Down,0.49300666666666665,14.76572,7.279598398133333,"Bitcoin Up or Down - March 19, 8:15PM-8:20PM ET"
24800,1774219183.3600786,wallet_8,0xf539c942036cc7633a1e0015209a1343e9b2dda9,0xb8ef205e1b7963f79f82b4702db477c22562070e5f25ef37521f839bbed26520,1773965833,2026-03-20 00:17:13,BUY,Down,0.39,14.78777,5.7672303000000005,"Bitcoin Up or Down - March 19, 8:15PM-8:20PM ET"
24801,1774219183.3600786,wallet_8,0xf539c942036cc7633a1e0015209a1343e9b2dda9,0xd1a1db7df98aef169b93205e78b1b669b9737466ee80baad199350db0d615788,1773965829,2026-03-20 00:17:09,SELL,Down,0.29,17.0,4.93,"Bitcoin Up or Down - March 19, 8:15PM-8:20PM ET"
24802,1774219183.3600786,wallet_8,0xf539c942036cc7633a1e0015209a1343e9b2dda9,0x94dc748239cab00eb85024cdd687b4a2206160d1fdd92346ca473cbbeb4201b6,1773965827,2026-03-20 00:17:07,SELL,Down,0.32,16.0,5.12,"Bitcoin Up or Down - March 19, 8:15PM-8:20PM ET"
24803,1774219183.3600786,wallet_8,0xf539c942036cc7633a1e0015209a1343e9b2dda9,0x1807f7a2d5da3862e7d447b4f49f0f95a0b82e37195cd4c61c3a9d08abcd344c,1773965827,2026-03-20 00:17:07,SELL,Down,0.38,17.0,6.46,"Bitcoin Up or Down - March 19, 8:15PM-8:20PM ET"
24804,1774219183.3600786,wallet_8,0xf539c942036cc7633a1e0015209a1343e9b2dda9,0x97df581e28c44db628b0292771b57a609a95171ec92f3e351910f498e55defb7,1773965825,2026-03-20 00:17:05,SELL,Down,0.3747375,16.0,5.9958,"Bitcoin Up or Down - March 19, 8:15PM-8:20PM ET"
24805,1774219183.3600786,wallet_8,0xf539c942036cc7633a1e0015209a1343e9b2dda9,0x213ef41ebfb2236aae692c1a3277e29869ed85a7b9d96abe53d14a59d1d83852,1773965825,2026-03-20 00:17:05,SELL,Down,0.43,15.0,6.45,"Bitcoin Up or Down - March 19, 8:15PM-8:20PM ET"
24806,1774219183.3600786,wallet_8,0xf539c942036cc7633a1e0015209a1343e9b2dda9,0xa0a7335616d313282c71188298f4cbaa5414bb9fd2c92bbf4e2ccfb4aca20b16,1773965823,2026-03-20 00:17:03,BUY,Up,0.5508266666666667,14.77045,8.135957738666667,"Bitcoin Up or Down - March 19, 8:15PM-8:20PM ET"
24807,1774219183.3600786,wallet_8,0xf539c942036cc7633a1e0015209a1343e9b2dda9,0x1778111d1a98bad74504891a2bc70f16a7635f836ae0b0aabbe978f3aa9994ba,1773965815,2026-03-20 00:16:55,BUY,Up,0.5107266666666667,14.76585,7.541313351,"Bitcoin Up or Down - March 19, 8:15PM-8:20PM ET"
24808,1774219183.3600786,wallet_8,0xf539c942036cc7633a1e0015209a1343e9b2dda9,0xdb4dfa3ff6211037a06425e90cbed0bac8bbad67760949aae64b901f2b75876f,1773965803,2026-03-20 00:16:43,SELL,Up,0.42,16.0,6.72,"Bitcoin Up or Down - March 19, 8:15PM-8:20PM ET"
24809,1774219183.3600786,wallet_8,0xf539c942036cc7633a1e0015209a1343e9b2dda9,0x376bbb11e46e8e4365e490e11c56fcf20dcf8bea5e51349262c7986d135149f7,1773965801,2026-03-20 00:16:41,SELL,Down,0.44,16.0,7.04,"Bitcoin Up or Down - March 19, 8:15PM-8:20PM ET"
24810,1774219183.3600786,wallet_8,0xf539c942036cc7633a1e0015209a1343e9b2dda9,0x549a050ed428a572b40739e7670897472a597e26dcdceab778ceed5e4ad95a20,1773965801,2026-03-20 00:16:41,SELL,Up,0.45,15.0,6.75,"Bitcoin Up or Down - March 19, 8:15PM-8:20PM ET"
24811,1774219183.3600786,wallet_8,0xf539c942036cc7633a1e0015209a1343e9b2dda9,0x6145a4de9b756cf42a950f232adb7ce51e0d2dd3f4161e9cc5cb98114d352dba,1773965801,2026-03-20 00:16:41,SELL,Up,0.45,19.0,8.55,"Bitcoin Up or Down - March 19, 8:15PM-8:20PM ET"
24812,1774219183.3600786,wallet_8,0xf539c942036cc7633a1e0015209a1343e9b2dda9,0x3544a09119b1fa43a0639d60b958155af8196f3026d22034de9fc556299d8c78,1773965793,2026-03-20 00:16:33,,,0.0,531.11165,0.0,"Bitcoin Up or Down - March 19, 8:10PM-8:15PM ET"
24813,1774219183.3600786,wallet_8,0xf539c942036cc7633a1e0015209a1343e9b2dda9,0x615c295c5b180b774bb4b274737997b941efe2a7f0aa3844f9678a6d4def22ce,1773965793,2026-03-20 00:16:33,SELL,Up,0.49,16.0,7.84,"Bitcoin Up or Down - March 19, 8:15PM-8:20PM ET"
24814,1774219183.3600786,wallet_8,0xf539c942036cc7633a1e0015209a1343e9b2dda9,0x4eebe477c78f1cc35fe27ff2d120cda58d7e527d302d434008e3a73e0f7e7665,1773965787,2026-03-20 00:16:27,SELL,Down,0.44,15.0,6.6,"Bitcoin Up or Down - March 19, 8:15PM-8:20PM ET"
24815,1774219183.3600786,wallet_8,0xf539c942036cc7633a1e0015209a1343e9b2dda9,0x63b3124cfad3a9bee5428ab267cf874230cebf1a0b0d1ca84eead2980f7bf29e,1773965771,2026-03-20 00:16:11,BUY,Down,0.47,14.76731,6.9406357,"Bitcoin Up or Down - March 19, 8:15PM-8:20PM ET"
24816,1774219183.3600786,wallet_8,0xf539c942036cc7633a1e0015209a1343e9b2dda9,0xa92d2786ce99615527911fdb7457b03ef3d612da6a6db4273d134f2be808a555,1773965771,2026-03-20 00:16:11,SELL,Up,0.49,15.0,7.35,"Bitcoin Up or Down - March 19, 8:15PM-8:20PM ET"
24817,1774219183.3600786,wallet_8,0xf539c942036cc7633a1e0015209a1343e9b2dda9,0x96543b9f51efe5e6527dc258f1c0b7ac324b75f444cbf4dbbf10f3516d87043e,1773965765,2026-03-20 00:16:05,BUY,Down,0.42738,14.77541,6.3147147258,"Bitcoin Up or Down - March 19, 8:15PM-8:20PM ET"
24818,1774219183.3600786,wallet_8,0xf539c942036cc7633a1e0015209a1343e9b2dda9,0xd23917ea7168903d498c94e2222d73f9cf502bfee186bd2305d21d6ae0a533dd,1773965765,2026-03-20 00:16:05,BUY,Down,0.4565133333333333,14.76916,6.7423184621333325,"Bitcoin Up or Down - March 19, 8:15PM-8:20PM ET"
24819,1774219183.3600786,wallet_8,0xf539c942036cc7633a1e0015209a1343e9b2dda9,0xd01e6fee60145cb1dbed6d59f4adb210bbd72a3503db851a6f6127797386441b,1773965759,2026-03-20 00:15:59,BUY,Down,0.42,14.77748,6.2065416,"Bitcoin Up or Down - March 19, 8:15PM-8:20PM ET"
24820,1774219183.3600786,wallet_8,0xf539c942036cc7633a1e0015209a1343e9b2dda9,0xd5a6a8eef7035448451b8dbdc1262ebf856993e32fdccef8f4063d8948067f6b,1773965755,2026-03-20 00:15:55,SELL,Down,0.35,16.0,5.6,"Bitcoin Up or Down - March 19, 8:15PM-8:20PM ET"
24821,1774219183.3600786,wallet_8,0xf539c942036cc7633a1e0015209a1343e9b2dda9,0xd89dc21aedaa74fe749f458348faf08571cc14f6f18c1b3729cd232e08e1f8d2,1773965755,2026-03-20 00:15:55,SELL,Down,0.32,16.0,5.12,"Bitcoin Up or Down - March 19, 8:15PM-8:20PM ET"
24822,1774219183.3600786,wallet_8,0xf539c942036cc7633a1e0015209a1343e9b2dda9,0x720a4f3f316969e9bf39719b127afa4617a2ea4239e42f8ef151d219256ae6cb,1773965755,2026-03-20 00:15:55,SELL,Down,0.35,16.0,5.6,"Bitcoin Up or Down - March 19, 8:15PM-8:20PM ET"
24823,1774219183.3600786,wallet_8,0xf539c942036cc7633a1e0015209a1343e9b2dda9,0xc1a9570f9606ac33f68165b11b0904dfdb0b7432429116306f71d615ee7cf3c2,1773965753,2026-03-20 00:15:53,SELL,Down,0.42,18.0,7.56,"Bitcoin Up or Down - March 19, 8:15PM-8:20PM ET"
24824,1774219183.3600786,wallet_8,0xf539c942036cc7633a1e0015209a1343e9b2dda9,0xf63e8bea5c8a2e0ee353b1430b4f73424c56170e9671b756e56aa6f44dbcc0b8,1773965735,2026-03-20 00:15:35,BUY,Down,0.48629285714285714,13.78158,6.701883914142857,"Bitcoin Up or Down - March 19, 8:15PM-8:20PM ET"
24825,1774219183.3600786,wallet_8,0xf539c942036cc7633a1e0015209a1343e9b2dda9,0xfdc408a74d782686ce43edd589847a9892d0ae175935e563a8259f4e34f2a02a,1773965733,2026-03-20 00:15:33,BUY,Down,0.48,11.8131,5.670288,"Bitcoin Up or Down - March 19, 8:15PM-8:20PM ET"
24826,1774219183.3600786,wallet_8,0xf539c942036cc7633a1e0015209a1343e9b2dda9,0x3718b84d26c85967992c7e9dac90a7d32de18ce1b315e11cee32ef6f24d44d19,1773965733,2026-03-20 00:15:33,BUY,Down,0.47,19.68975,9.254182499999999,"Bitcoin Up or Down - March 19, 8:15PM-8:20PM ET"
24827,1774219183.3600786,wallet_8,0xf539c942036cc7633a1e0015209a1343e9b2dda9,0x5a2af5af6f596991061bb1211f166008d8cda77aeb90b707e1dd79dc294e6875,1773965733,2026-03-20 00:15:33,BUY,Down,0.41,11.82446,4.8480286,"Bitcoin Up or Down - March 19, 8:15PM-8:20PM ET"
24828,1774219183.3600786,wallet_8,0xf539c942036cc7633a1e0015209a1343e9b2dda9,0x2a542cfae3bc8fd0e834198991bfddb51a953ec18737e349715bffabaa5ce781,1773965731,2026-03-20 00:15:31,BUY,Down,0.41444444444444445,17.73498,7.3501639333333335,"Bitcoin Up or Down - March 19, 8:15PM-8:20PM ET"
24829,1774219183.3600786,wallet_8,0xf539c942036cc7633a1e0015209a1343e9b2dda9,0x66033d7a52db88029ed061b3d1d492e6ea6b44f49390775cba56f6c7aea74a1e,1773965729,2026-03-20 00:15:29,BUY,Down,0.35,11.84474,4.145658999999999,"Bitcoin Up or Down - March 19, 8:15PM-8:20PM ET"
24830,1774219183.3600786,wallet_8,0xf539c942036cc7633a1e0015209a1343e9b2dda9,0x55c3d65fb0a8054581d4f56d8d4f1b133001fd643aeff7affbb2119c08986f16,1773965723,2026-03-20 00:15:23,BUY,Down,0.33,11.85335,3.9116055000000003,"Bitcoin Up or Down - March 19, 8:15PM-8:20PM ET"
24831,1774219183.3600786,wallet_8,0xf539c942036cc7633a1e0015209a1343e9b2dda9,0x3b87ef6fa656b838cad3547e4799dcfcbcae21bfb7af2dff4347d12b04be4457,1773965723,2026-03-20 00:15:23,SELL,Down,0.27,16.0,4.32,"Bitcoin Up or Down - March 19, 8:15PM-8:20PM ET"
24832,1774219183.3600786,wallet_8,0xf539c942036cc7633a1e0015209a1343e9b2dda9,0x3653c786021e25610176fd3b870221caad0cedfd2ff7c57c4ed41a12e5699879,1773965721,2026-03-20 00:15:21,BUY,Down,0.34,11.84894,4.028639600000001,"Bitcoin Up or Down - March 19, 8:15PM-8:20PM ET"
24833,1774219183.3600786,wallet_8,0xf539c942036cc7633a1e0015209a1343e9b2dda9,0x549a54b9f964cadf1bc68277655a08fe29fcf750519708c7412edc3241fdbc5b,1773965719,2026-03-20 00:15:19,SELL,Down,0.34,16.0,5.44,"Bitcoin Up or Down - March 19, 8:15PM-8:20PM ET"
24834,1774219183.3600786,wallet_8,0xf539c942036cc7633a1e0015209a1343e9b2dda9,0x443bf955ee80dc96afe53e2d2452cd5ec2c11de592cc0b276f67ef5d0be9661d,1773965719,2026-03-20 00:15:19,SELL,Down,0.33,12.0,3.96,"Bitcoin Up or Down - March 19, 8:15PM-8:20PM ET"
24835,1774219183.3600786,wallet_8,0xf539c942036cc7633a1e0015209a1343e9b2dda9,0x94d10972597d4c28f50c464bc255fe0a2ddec4ded831c260b7ae1a84e92c5284,1773965717,2026-03-20 00:15:17,SELL,Down,0.34221666666666667,12.0,4.1066,"Bitcoin Up or Down - March 19, 8:15PM-8:20PM ET"
24836,1774219183.3600786,wallet_8,0xf539c942036cc7633a1e0015209a1343e9b2dda9,0xa02de6d0ebec44fa89cbb1625e67226113bb979b0aae12a1d25188895cfadf5c,1773965715,2026-03-20 00:15:15,,,0.5,700.0,350.0,"Bitcoin Up or Down - March 19, 8:25PM-8:30PM ET"
24837,1774219183.3600786,wallet_8,0xf539c942036cc7633a1e0015209a1343e9b2dda9,0x6fbae7522752d11f620b38019899c431ea7407b931edc191b36e948fe2a6b7fc,1773965715,2026-03-20 00:15:15,SELL,Down,0.35,23.0,8.049999999999999,"Bitcoin Up or Down - March 19, 8:15PM-8:20PM ET"
24838,1774219183.3600786,wallet_8,0xf539c942036cc7633a1e0015209a1343e9b2dda9,0x5047cee091293c4a569b0aa0d3a797fb94e79cff8cf98cb2f81a6c10d9e70869,1773965713,2026-03-20 00:15:13,SELL,Down,0.38,13.0,4.94,"Bitcoin Up or Down - March 19, 8:15PM-8:20PM ET"
24839,1774219183.3600786,wallet_8,0xf539c942036cc7633a1e0015209a1343e9b2dda9,0x8c909767d5e1c94e422eb04c0dfc0205fad5ba5c650e9519a1577e759c9acd8f,1773965709,2026-03-20 00:15:09,SELL,Down,0.42,12.0,5.04,"Bitcoin Up or Down - March 19, 8:15PM-8:20PM ET"
24840,1774219183.3600786,wallet_8,0xf539c942036cc7633a1e0015209a1343e9b2dda9,0x44f695121b5b08ef1b4c18b0df7daaed181805683eb87e31119d1e9d4ba568ed,1773965705,2026-03-20 00:15:05,SELL,Down,0.47,27.0,12.69,"Bitcoin Up or Down - March 19, 8:15PM-8:20PM ET"
24841,1774219183.3600786,wallet_8,0xf539c942036cc7633a1e0015209a1343e9b2dda9,0xb7d42b5541b5292f5e887f32af98061befc51e679d822d09a39c355d37a12de4,1773965689,2026-03-20 00:14:49,BUY,Down,0.01,11.99971,0.11999710000000001,"Bitcoin Up or Down - March 19, 8:10PM-8:15PM ET"
24842,1774219183.3600786,wallet_8,0xf539c942036cc7633a1e0015209a1343e9b2dda9,0xed61508a16e22f4180e8f95b0c9bbb4107e1243457e8b42939810ee65f712177,1773965689,2026-03-20 00:14:49,BUY,Down,0.01,14.99964,0.1499964,"Bitcoin Up or Down - March 19, 8:10PM-8:15PM ET"
24843,1774219183.3600786,wallet_8,0xf539c942036cc7633a1e0015209a1343e9b2dda9,0x2b398b800a90a35eaa8a4c50610b7b7728d06fb7a74a7439116836e6e8868513,1773965671,2026-03-20 00:14:31,,,0.0,57.31416,0.0,"Bitcoin Up or Down - March 19, 7:55PM-8:00PM ET"
24844,1774219183.3600786,wallet_8,0xf539c942036cc7633a1e0015209a1343e9b2dda9,0xc9922435ba57f1b5c491b432f7d4d29ab45fb988479998034614cbbd1be856a4,1773965659,2026-03-20 00:14:19,SELL,Down,0.03,12.0,0.36,"Bitcoin Up or Down - March 19, 8:10PM-8:15PM ET"
24845,1774219183.3600786,wallet_8,0xf539c942036cc7633a1e0015209a1343e9b2dda9,0x81a1365e3133ef918ec2be1596053481bf4e8dc8c14bb70c710e49e46aa0cf01,1773965655,2026-03-20 00:14:15,SELL,Down,0.03,12.0,0.36,"Bitcoin Up or Down - March 19, 8:10PM-8:15PM ET"
24846,1774219183.3600786,wallet_8,0xf539c942036cc7633a1e0015209a1343e9b2dda9,0xe636921215bb8eb663aebb1ddce8b14cc8c3dca9c0f52746c6b8dbad614772c1,1773965655,2026-03-20 00:14:15,SELL,Down,0.03,12.0,0.36,"Bitcoin Up or Down - March 19, 8:10PM-8:15PM ET"
24847,1774219183.3600786,wallet_8,0xf539c942036cc7633a1e0015209a1343e9b2dda9,0xfb51157cc171acad75e4ec5d8ef59634aee3cba6d6c6a0fe472f15a6fd3f5403,1773965637,2026-03-20 00:13:57,SELL,Down,0.14,12.0,1.6800000000000002,"Bitcoin Up or Down - March 19, 8:10PM-8:15PM ET"
24848,1774219183.3600786,wallet_8,0xf539c942036cc7633a1e0015209a1343e9b2dda9,0x760681853aa5c21cfe175fd38f6f3ecf06d7cb3d8fc6c32b3dfb279bcd24feef,1773965637,2026-03-20 00:13:57,SELL,Down,0.10831666666666667,12.0,1.2998,"Bitcoin Up or Down - March 19, 8:10PM-8:15PM ET"
24849,1774219183.3600786,wallet_8,0xf539c942036cc7633a1e0015209a1343e9b2dda9,0xe00cd1a7ebd5244cc6bc5eaf007c30df3c5295d443b9f571c85c0a78606a53d0,1773965637,2026-03-20 00:13:57,SELL,Down,0.09,15.0,1.3499999999999999,"Bitcoin Up or Down - March 19, 8:10PM-8:15PM ET"
24850,1774219183.3600786,wallet_8,0xf539c942036cc7633a1e0015209a1343e9b2dda9,0x57c614d2f5d630dfae868ae59d8b54f1797c79a3e7c17b81bd909556483b43b2,1773965637,2026-03-20 00:13:57,SELL,Down,0.09,12.0,1.08,"Bitcoin Up or Down - March 19, 8:10PM-8:15PM ET"
24851,1774219183.3600786,wallet_8,0xf539c942036cc7633a1e0015209a1343e9b2dda9,0x02970f5f89956bda789a2ef1ebdbce63cfa4dbcd2e284b984ee288eba99b437d,1773965627,2026-03-20 00:13:47,BUY,Down,0.19,11.92895,2.2665005000000003,"Bitcoin Up or Down - March 19, 8:10PM-8:15PM ET"
24852,1774219183.3600786,wallet_8,0xf539c942036cc7633a1e0015209a1343e9b2dda9,0x58d190d50f2995b681a6139a1a82c4cd17968965a84f0a19cc1704709fdb2e66,1773965627,2026-03-20 00:13:47,BUY,Down,0.19,11.92895,2.2665005000000003,"Bitcoin Up or Down - March 19, 8:10PM-8:15PM ET"
24853,1774219183.3600786,wallet_8,0xf539c942036cc7633a1e0015209a1343e9b2dda9,0xcfb4ad8ad3ea7a2efeeb7e50d128ea2acb533d1f971b9a398417bd692a5d9c6c,1773965621,2026-03-20 00:13:41,BUY,Down,0.14,11.95652,1.6739128,"Bitcoin Up or Down - March 19, 8:10PM-8:15PM ET"
24854,1774219183.3600786,wallet_8,0xf539c942036cc7633a1e0015209a1343e9b2dda9,0xad37bcf8c5f3f5bc297e9dd256fde9275f22fa8c74352089709bd194c43f4e3c,1773965621,2026-03-20 00:13:41,BUY,Down,0.16,11.94581,1.9113296,"Bitcoin Up or Down - March 19, 8:10PM-8:15PM ET"
24855,1774219183.3600786,wallet_8,0xf539c942036cc7633a1e0015209a1343e9b2dda9,0x69baf86d03f39edf0fc83c98cf9cbe1a1e37c65fd7efa1a71219cdebcabd5cfe,1773965601,2026-03-20 00:13:21,SELL,Down,0.15,14.0,2.1,"Bitcoin Up or Down - March 19, 8:10PM-8:15PM ET"
24856,1774219183.3600786,wallet_8,0xf539c942036cc7633a1e0015209a1343e9b2dda9,0x9ab37e3e44ef1627644710c8ee5bdd59704bc9d475e41181a67128ecaa84c03d,1773965599,2026-03-20 00:13:19,SELL,Down,0.16,12.0,1.92,"Bitcoin Up or Down - March 19, 8:10PM-8:15PM ET"
24857,1774219183.3600786,wallet_8,0xf539c942036cc7633a1e0015209a1343e9b2dda9,0x121c78652bbbedb0b05ebe9814ce49ef410ab6dedeeeb4fd4b0e3152d54ff68e,1773965579,2026-03-20 00:12:59,SELL,Down,0.23,20.0,4.6000000000000005,"Bitcoin Up or Down - March 19, 8:10PM-8:15PM ET"
24858,1774219183.3600786,wallet_8,0xf539c942036cc7633a1e0015209a1343e9b2dda9,0xfc2c3280179f81d6dc43dd264b2e37196246c4c3ecbc90dfbc4d18b09a651093,1773965577,2026-03-20 00:12:57,SELL,Down,0.24,15.0,3.5999999999999996,"Bitcoin Up or Down - March 19, 8:10PM-8:15PM ET"
24859,1774219183.3600786,wallet_8,0xf539c942036cc7633a1e0015209a1343e9b2dda9,0xf54989b530799fa8f6c69015c47536ed3d6a1f8c10c00da839c31b78b2ac4f90,1773965575,2026-03-20 00:12:55,SELL,Down,0.27,12.0,3.24,"Bitcoin Up or Down - March 19, 8:10PM-8:15PM ET"
24860,1774219183.3600786,wallet_8,0xf539c942036cc7633a1e0015209a1343e9b2dda9,0x9e6fa65b31bdf23b2c473a3cb6f987cee369675a6e6919ad0278d5f1ae2aa7b4,1773965571,2026-03-20 00:12:51,BUY,Down,0.35,12.8318,4.491129999999999,"Bitcoin Up or Down - March 19, 8:10PM-8:15PM ET"
24861,1774219183.3600786,wallet_8,0xf539c942036cc7633a1e0015209a1343e9b2dda9,0x376857dbcebae417f81646368dca2cd523044afb8150b438bcb7445e143c1030,1773965571,2026-03-20 00:12:51,BUY,Down,0.34,11.84894,4.028639600000001,"Bitcoin Up or Down - March 19, 8:10PM-8:15PM ET"
24862,1774219183.3600786,wallet_8,0xf539c942036cc7633a1e0015209a1343e9b2dda9,0x2549ec9efe28e2fa5b7a86654bab042e76bd5e681fbff310b35f8a33a13602dc,1773965563,2026-03-20 00:12:43,BUY,Down,0.32,12.84612,4.1107584,"Bitcoin Up or Down - March 19, 8:10PM-8:15PM ET"
24863,1774219183.3600786,wallet_8,0xf539c942036cc7633a1e0015209a1343e9b2dda9,0x017f8b56140bafc8c1547757af60df3efdce5ca80e42bd41078002560fb0c800,1773965547,2026-03-20 00:12:27,BUY,Down,0.3,11.8677,3.56031,"Bitcoin Up or Down - March 19, 8:10PM-8:15PM ET"
24864,1774219183.3600786,wallet_8,0xf539c942036cc7633a1e0015209a1343e9b2dda9,0xef1e9b7fd40ac0da00dd40ebece120483685dc237f7585bff6839de00150f155,1773965547,2026-03-20 00:12:27,BUY,Down,0.2933230769230769,12.86036,3.7722403655384613,"Bitcoin Up or Down - March 19, 8:10PM-8:15PM ET"
24865,1774219183.3600786,wallet_8,0xf539c942036cc7633a1e0015209a1343e9b2dda9,0xce52bf25b4fb9077bde94b498858111ccbfd0e9af731183408e2af1108e37073,1773965545,2026-03-20 00:12:25,,,0.0,151.25726,0.0,"Bitcoin Up or Down - March 19, 8:00PM-8:05PM ET"
24866,1774219183.3600786,wallet_8,0xf539c942036cc7633a1e0015209a1343e9b2dda9,0x7cc1a4216d5d1beeb06ae046554a3bc32c082fcf0f50a12b34c48fe402f5e5cb,1773965545,2026-03-20 00:12:25,BUY,Down,0.28,11.87808,3.3258624000000006,"Bitcoin Up or Down - March 19, 8:10PM-8:15PM ET"
24867,1774219183.3600786,wallet_8,0xf539c942036cc7633a1e0015209a1343e9b2dda9,0xb8f0450f7f53475e14a8e4bb68ba9d29989ba0cb33f5448f5492e09918052d80,1773965543,2026-03-20 00:12:23,SELL,Down,0.21,13.0,2.73,"Bitcoin Up or Down - March 19, 8:10PM-8:15PM ET"
24868,1774219183.3600786,wallet_8,0xf539c942036cc7633a1e0015209a1343e9b2dda9,0xe1ea3291b691716f32ada8875b712ba36c19c85cc30922c66e314e7a9ed3d40d,1773965541,2026-03-20 00:12:21,SELL,Down,0.21,13.0,2.73,"Bitcoin Up or Down - March 19, 8:10PM-8:15PM ET"
24869,1774219183.3600786,wallet_8,0xf539c942036cc7633a1e0015209a1343e9b2dda9,0x1fae48cfe16a5d26dcccf7191ee7aacfa4adc9de7b56e7317c5fa0a4186e463b,1773965539,2026-03-20 00:12:19,SELL,Down,0.25,12.0,3.0,"Bitcoin Up or Down - March 19, 8:10PM-8:15PM ET"
24870,1774219183.3600786,wallet_8,0xf539c942036cc7633a1e0015209a1343e9b2dda9,0x6ce5e06911d26ecb50957b08d59340b7ab04f82fd9c22d3faa129878bcc1d32d,1773965533,2026-03-20 00:12:13,BUY,Down,0.3020933333333333,14.83332,4.4810470832,"Bitcoin Up or Down - March 19, 8:10PM-8:15PM ET"
24871,1774219183.3600786,wallet_8,0xf539c942036cc7633a1e0015209a1343e9b2dda9,0x764a6ee46345a2e79ca4a54b3fd19caeb6ea3ad363d7a04d051da4911389620e,1773965533,2026-03-20 00:12:13,BUY,Down,0.3,17.80155,5.340464999999999,"Bitcoin Up or Down - March 19, 8:10PM-8:15PM ET"
24872,1774219183.3600786,wallet_8,0xf539c942036cc7633a1e0015209a1343e9b2dda9,0xc364eafe3a31bc334dabe880b02b7e185abc173ead66f7f9cbc24aef35d7aadb,1773965533,2026-03-20 00:12:13,BUY,Down,0.2816666666666667,11.87719,3.345408516666667,"Bitcoin Up or Down - March 19, 8:10PM-8:15PM ET"
24873,1774219183.3600786,wallet_8,0xf539c942036cc7633a1e0015209a1343e9b2dda9,0xabff076f24b6604e7166037da151e8161f196eb8204e19e2d6330df4b80f8d85,1773965531,2026-03-20 00:12:11,SELL,Down,0.21,13.0,2.73,"Bitcoin Up or Down - March 19, 8:10PM-8:15PM ET"
24874,1774219183.3600786,wallet_8,0xf539c942036cc7633a1e0015209a1343e9b2dda9,0x8b1c8c91d1dcfd683b16834a515efc57f5ddd075b000b1c243b156831fe9ace6,1773965531,2026-03-20 00:12:11,SELL,Down,0.25,12.0,3.0,"Bitcoin Up or Down - March 19, 8:10PM-8:15PM ET"
24875,1774219183.3600786,wallet_8,0xf539c942036cc7633a1e0015209a1343e9b2dda9,0x96738778d835d4c65e007c28afdea8bd4ee5377edb70f69a31a5f584d6ae484a,1773965529,2026-03-20 00:12:09,BUY,Down,0.29945,11.86798,3.5538666109999997,"Bitcoin Up or Down - March 19, 8:10PM-8:15PM ET"
24876,1774219183.3600786,wallet_8,0xf539c942036cc7633a1e0015209a1343e9b2dda9,0x3a6f1eb9d858441e021922a96234fe9b6f906604419a37793831d88c3cf6e6c5,1773965529,2026-03-20 00:12:09,BUY,Down,0.29,11.87282,3.4431178,"Bitcoin Up or Down - March 19, 8:10PM-8:15PM ET"
24877,1774219183.3600786,wallet_8,0xf539c942036cc7633a1e0015209a1343e9b2dda9,0xc04af8d6df7a7c643b654912ae1e7692f56e777530217a037578c52e94964d30,1773965529,2026-03-20 00:12:09,BUY,Down,0.28,11.87808,3.3258624000000006,"Bitcoin Up or Down - March 19, 8:10PM-8:15PM ET"
24878,1774219183.3600786,wallet_8,0xf539c942036cc7633a1e0015209a1343e9b2dda9,0x786fd0a71047e1844fcfdfc9dfee36c0eeee6b7e8456fa895926b22a833e4ffd,1773965529,2026-03-20 00:12:09,BUY,Down,0.23,11.90591,2.7383593000000004,"Bitcoin Up or Down - March 19, 8:10PM-8:15PM ET"
24879,1774219183.3600786,wallet_8,0xf539c942036cc7633a1e0015209a1343e9b2dda9,0x600c1865ceaa2604ddc1eefe6d55a3a9e69c8733a0ce9ef54e921dd9d76e8079,1773965527,2026-03-20 00:12:07,BUY,Down,0.21,11.91744,2.5026623999999997,"Bitcoin Up or Down - March 19, 8:10PM-8:15PM ET"
24880,1774219183.3600786,wallet_8,0xf539c942036cc7633a1e0015209a1343e9b2dda9,0xbe420c9a19d503ae6b254b6c5760810aac0a648016ba01d2b0a2fae7e290a393,1773965527,2026-03-20 00:12:07,BUY,Down,0.21,11.91744,2.5026623999999997,"Bitcoin Up or Down - March 19, 8:10PM-8:15PM ET"
24881,1774219183.3600786,wallet_8,0xf539c942036cc7633a1e0015209a1343e9b2dda9,0x6b8690ad526a72d0451769d2b366bb04a01fa2d8c73d880635c7c4b1fac565ee,1773965527,2026-03-20 00:12:07,BUY,Down,0.2,11.9232,2.38464,"Bitcoin Up or Down - March 19, 8:10PM-8:15PM ET"
24882,1774219183.3600786,wallet_8,0xf539c942036cc7633a1e0015209a1343e9b2dda9,0xac62b5f8447da97111afdadb1a767a4c7399694cf398ba8a0ee6a72a67b1d494,1773965527,2026-03-20 00:12:07,BUY,Down,0.2,11.9232,2.38464,"Bitcoin Up or Down - March 19, 8:10PM-8:15PM ET"
24883,1774219183.3600786,wallet_8,0xf539c942036cc7633a1e0015209a1343e9b2dda9,0xb92e183243eb3dbfe4f33ba4cd0d832fb4bf7a37fbc65c539a5dfb1eb55c3a63,1773965521,2026-03-20 00:12:01,SELL,Down,0.14,20.0,2.8000000000000003,"Bitcoin Up or Down - March 19, 8:10PM-8:15PM ET"
24884,1774219183.3600786,wallet_8,0xf539c942036cc7633a1e0015209a1343e9b2dda9,0x9baa6591b87be68c3b27183d8d53d471678e9ec34d5d0fc9439ca9c6db32b9c6,1773965521,2026-03-20 00:12:01,SELL,Down,0.15125,16.0,2.42,"Bitcoin Up or Down - March 19, 8:10PM-8:15PM ET"
24885,1774219183.3600786,wallet_8,0xf539c942036cc7633a1e0015209a1343e9b2dda9,0x76f0d52c228326b76838cbf7624ab778acd6b47b0aade247e063f07adbbf1c84,1773965517,2026-03-20 00:11:57,SELL,Down,0.16,16.0,2.56,"Bitcoin Up or Down - March 19, 8:10PM-8:15PM ET"
24886,1774219183.3600786,wallet_8,0xf539c942036cc7633a1e0015209a1343e9b2dda9,0x70e14b79744f61326a5aace033c7055bd8967dd46f85f000d2bab4ec849c04d3,1773965501,2026-03-20 00:11:41,BUY,Down,0.24142857142857144,13.88261,3.3516587,"Bitcoin Up or Down - March 19, 8:10PM-8:15PM ET"
24887,1774219183.3600786,wallet_8,0xf539c942036cc7633a1e0015209a1343e9b2dda9,0x716d32cb5e78ff507fa60855b10c57030399cd9b8a044e91fcc1d11fe5203d6d,1773965499,2026-03-20 00:11:39,BUY,Down,0.22,11.91167,2.6205674,"Bitcoin Up or Down - March 19, 8:10PM-8:15PM ET"
24888,1774219183.3600786,wallet_8,0xf539c942036cc7633a1e0015209a1343e9b2dda9,0x36a5b89c93b793736e9468b6355a2a65e55c400434a982657c627470eab53c4e,1773965493,2026-03-20 00:11:33,BUY,Down,0.23,11.90591,2.7383593000000004,"Bitcoin Up or Down - March 19, 8:10PM-8:15PM ET"
24889,1774219183.3600786,wallet_8,0xf539c942036cc7633a1e0015209a1343e9b2dda9,0x8dd5b1be4b18dfcae2f909ab9428afe87db705e0b7c92cb8c81563365c6d564c,1773965493,2026-03-20 00:11:33,BUY,Down,0.23,12.89807,2.9665561000000005,"Bitcoin Up or Down - March 19, 8:10PM-8:15PM ET"
24890,1774219183.3600786,wallet_8,0xf539c942036cc7633a1e0015209a1343e9b2dda9,0xb0e0e6fdc678ec518ec220de50334a8ff772d218af14ffd61f2164a772c3afe6,1773965485,2026-03-20 00:11:25,SELL,Down,0.17,14.0,2.3800000000000003,"Bitcoin Up or Down - March 19, 8:10PM-8:15PM ET"
24891,1774219183.3600786,wallet_8,0xf539c942036cc7633a1e0015209a1343e9b2dda9,0x89b61c644778ca7ada13b26da2f1cd138e967109360f179747093c92f0c6329f,1773965479,2026-03-20 00:11:19,BUY,Down,0.2,11.9232,2.38464,"Bitcoin Up or Down - March 19, 8:10PM-8:15PM ET"
24892,1774219183.3600786,wallet_8,0xf539c942036cc7633a1e0015209a1343e9b2dda9,0xa739be986e681ef131c207ece9e4f699a9d51bb10886e90b9be02e6fa74968d3,1773965479,2026-03-20 00:11:19,BUY,Down,0.219,19.85373,4.34796687,"Bitcoin Up or Down - March 19, 8:10PM-8:15PM ET"
